3284 5150
518 511 699 568 Anninus
716 511 1007 572 maurentinus,
1290 516 1324 572 71

205 694 255 760 ibi
285 694 398 770 rebus,
428 695 465 758 in
496 693 725 773 Columbaria,
758 695 929 773 Slezistat,
960 696 1164 774 Ehenheim,
1198 696 1325 763 Rodes·
1335 704 1413 762 1197.

206 784 299 849 heim
322 787 357 849 et
381 783 458 848 aliis
481 783 601 848 multis
624 783 716 848 villis
740 787 775 849 et
798 785 881 849 vicis
904 785 1099 869 tyrannidis
1128 805 1189 850 sue
1220 786 1324 850 domi-

205 873 302 937 nium
337 876 574 938 exercuerunt.
627 873 794 938 Homines
824 893 905 939 vero
935 894 975 939 aa
1006 874 1236 958 possessiones
1265 875 1325 939 im·

205 962 382 1046 peratoris,
407 961 541 1025 nullum
566 961 733 1026 habentes
753 963 979 1041 defensorem,
995 963 1034 1027 in
1048 963 1208 1029 omnibus
1223 964 1325 1029 terris

173 1050 249 1116 aab
273 1049 432 1114 omnibus
456 1050 717 1134 diripiebantur.
764 1050 856 1115 Nam
885 1051 996 1117 irater
1024 1052 1099 1117 eius
1121 1052 1324 1137 Phylippus,

206 1140 276 1203 dux
292 1139 424 1217 Suevie,
449 1139 532 1204 dum
555 1139 599 1204 sb
623 1160 663 1206 eo
688 1141 801 1205 adhuc
818 1143 1027 1206 convocatus
1045 1141 1112 1206 iter
1127 1141 1324 1226 arripiendo

204 1229 303 1292 iuxta
331 1228 499 1292 Romam¹
527 1229 686 1308 venisset,
718 1232 896 1314 comperta
925 1229 1034 1314 ipsius
1067 1233 1179 1295 morte
1211 1230 1325 1296 redire

206 1317 314 1400 oepit;
338 1318 398 1382 sed
421 1316 510 1382 falso
534 1337 669 1382 rumore
693 1339 714 1382 a
737 1318 943 1401 quibusdam
967 1321 1090 1403 eaptus
1113 1322 1149 1384 et
1175 1319 1324 1384 excoria·

204 1413 272 1485 tus,
296 1406 339 1470 ab
366 1400 489 1490 [aliur]
514 1407 682 1470 infirmari
705 1407 897 1471 dicebatur.

161 1518 187 1556 ιο
312 1495 442 1560 Eodem
466 1516 557 1560 anno
581 1495 743 1580 apparuit
767 1489 936 1561 cometal.
977 1494 1059 1579 Ipso
1082 1516 1217 1580 quoque
1233 1517 1325 1562 anno

205 1584 300 1649 faeta
323 1587 376 1649 est
398 1585 508 1650 fames
532 1588 604 1649 tam
628 1584 743 1649 valida
765 1585 803 1648 in
827 1583 973 1661 Alsatia,
997 1585 1090 1667 quod
1113 1586 1240 1670 passim
1263 1604 1326 1670 per

205 1694 343 1758 campos
375 1677 411 1739 et
440 1675 532 1738 vicos
567 1673 737 1758 gregatim
768 1673 897 1738 mortui
926 1672 1019 1738 fame
1049 1673 1324 1738 inveniebantur.

205 1762 294 1826 Nam
333 1783 493 1827 mensura
526 1783 614 1846 quae
649 1762 753 1846 vulgo
787 1761 1012 1827 burevirreil²
1048 1761 1177 1826 dieitur
1210 1781 1326 1827 maroa

205 1853 341 1934 argenti
367 1852 591 1917 vendebatur.

161 1962 187 2002 1⁵
312 1945 369 2003 In⁰
397 1947 507 2005 eodem
538 1963 622 2004 anno
652 1938 864 2020 Oelesltinus⁸
891 1962 975 2021 papa
1003 1946 1098 2015 obiit;
1128 1937 1190 2018 oui]
1220 1926 1432 2037 *Iuno-{siff

206 2035 329 2092 centius
353 2036 512 2093 successit.
1334 2053 1395 2099 (ran.
1403 2052 1435 2102 s).

312 2118 413 2181 Anno
452 2117 592 2181 Domini
626 2116 861 2182 MOXOVIII.
923 2117 1004 2182 Dux
1042 2118 1165 2182 Suevie
1204 2120 1412 2182 eontra1198.

205 2205 399 2290 opinionem
425 2209 461 2270 et
479 2206 584 2270 etiam
601 2209 721 2271 eontra
735 2206 925 2270 multorum
940 2207 1081 2272 veniens
1096 2205 1323 2284 voluntatem,

205 2315 283 2359 oum
314 2295 496 2358 maximam
525 2294 652 2379 ubique
682 2299 719 2360 et
750 2295 914 2379 precipue
948 2296 985 2359 in
1015 2294 1153 2359 Alsatis
1181 2314 1325 2359 werram

159 2406 186 2444 ιο
204 2384 401 2461 invenisset,
426 2387 584 2466 treugam
607 2385 699 2448 inter
722 2384 922 2469 episcopum
945 2388 981 2449 et
1003 2405 1083 2449 suos
1108 2384 1266 2448 fautores
1289 2387 1324 2448 et
1334 2391 1412 2446 119⁷.

107 2481 108 2484 ’
204 2473 295 2537 inter
318 2473 463 2538 fratrem
480 2493 580 2536 suum
598 2472 762 2539 Ottonem
777 2473 894 2551 fecitl,
911 2474 1017 2538 etiam
1032 2475 1101 2537 iam
1118 2473 1161 2537 ad
1177 2492 1325 2556 regnum

204 2561 368 2645 aspirans.
400 2561 467 2631 ,Et
503 2583 581 2627 cum
616 2563 775 2647 episcopo
809 2563 1056 2649 Argentinensi
1088 2563 1182 2648 cepit
1211 2582 1324 2647 agere,

204 2652 366 2733 quatinus
390 2651 456 2717 sibi
480 2653 630 2718 fideliter
653 2653 839 2731 assisteret,
864 2652 1093 2738 promittens⁴
1115 2651 1181 2717 sibi
1208 2653 1325 2717 omnia

204 2744 344 2824 apatre
370 2744 406 2804 et
434 2741 543 2806 fratre
574 2762 635 2806 suo
665 2742 783 2806 ablata
812 2741 997 2807 restituere
1027 2745 1063 2807 et
1092 2741 1258 2826 quioquid
1287 2741 1324 2805 in

158 2850 185 2891 n
203 2849 264 2893 suo
279 2829 489 2913 episcopatu
513 2830 657 2896 haberet
676 2851 735 2896 sue
755 2830 975 2915 dispositioni
996 2830 1162 2907 subicere,
1177 2850 1325 2915 regnum

203 2921 319 2982 tamen
344 2918 512 2993 nonsibi,
536 2919 596 2982 sed
620 2919 715 2984 filio5
737 2920 857 2984 fratris
881 2920 944 2996 sui,
969 2920 1029 3003 qui
1051 2920 1157 2984 etiam
1180 2920 1224 2983 ad
1246 2919 1322 2996 hoo,

204 3007 293 3070 sieut
327 3008 484 3090 superius
523 3008 671 3071 diximus
681 3008 702 3085 ⁶,
741 3030 762 3073 a
797 3008 1014 3093 principibus
1050 3008 1125 3073 fere
1164 3007 1324 3072 omnibus

204 3094 334 3159 electus
357 3096 483 3173 iuerat,
508 3096 646 3160 nomine
670 3100 705 3160 et
728 3098 839 3161 tutele
859 3116 894 3161 se
909 3096 1000 3162 velle
1016 3096 1183 3161 servarel.
1223 3094 1323 3174 Quod

204 3203 281 3247 oum
306 3185 496 3269 episeopus,
521 3187 561 3247 ut
584 3184 773 3264 dicebatur,
799 3187 1014 3269 acceptasset
1037 3189 1073 3250 et
1096 3186 1152 3249 die
1168 3182 1449 3257 statuto⁸a>unn

158 3293 185 3335 so
204 3271 402 3357 Hagenowe
426 3274 471 3337 ad
502 3274 625 3339 ducem
648 3275 764 3339 venire
795 3273 982 3353 debuisset,
1013 3274 1166 3357 acceptis
1196 3272 1323 3337 litteris

202 3445 224 3496 a)
238 3447 269 3484 itu
283 3446 377 3485 Bihmer
390 3450 409 3485 et
423 3447 533 3487 Wlmane.
603 3446 625 3499 b)
640 3447 663 3485 ld
677 3452 711 3487 est
725 3448 791 3487 stella
803 3459 870 3487 umus
884 3449 957 3487 monn
970 3458 1077 3497 scapum.
1091 3459 1110 3487 c.
1179 3447 1199 3496 c)
1215 3457 1254 3486 cur
1267 3446 1324 3485 tanc

202 3500 300 3537 notitiam
314 3500 475 3539 continuationi
487 3500 665 3549 Hohenturyensi
678 3500 794 3540 attribuere
807 3503 890 3552 malim,
904 3503 928 3540 in
940 3502 1092 3541 commonitorio
1105 3502 1203 3550 snposm.

204 3638 230 3708 1)
256 3639 291 3691 ln
316 3641 413 3693 Tuscia
442 3641 479 3693 ad
502 3641 620 3695 Mentem
637 3642 764 3695 Falconis
787 3645 869 3695 insta
893 3643 1030 3696 Vitorium
1054 3658 1127 3695 mors
1150 3642 1325 3709 imperatoris

202 3709 328 3777 Philippo
346 3714 474 3764 nunciata
492 3718 549 3775 erc,-
567 3714 602 3777 οἵ.
622 3714 870 3780 Bellum-Fictor,
888 3714 1003 3780 Reperio
1020 3714 1131 3782 imperii
1147 3711 1178 3779 V,
1196 3710 1323 3766 nr.14⁸.

158 3796 184 3837 ³5
203 3782 230 3848 2)
251 3782 292 3833 De
310 3781 360 3833 linc
378 3798 505 3835 mensuro
522 3784 609 3837 adhuc
627 3785 699 3837 iiiiii
715 3791 827 3839 omnint.
916 3785 944 3854 8)
969 3784 1043 3838 Hoec
1060 3789 1155 3849 tresiga
1173 3785 1229 3834 ione
1251 3798 1324 3834 enno

203 3854 282 3907 1197.
300 3860 409 3905 scennis
426 3855 501 3918 fauo
522 3860 575 3917 cst,·
598 3857 635 3919 cf.
655 3856 897 3910 witmer-Fictor
923 3856 942 3911 l.
960 3871 980 3911 c.
1006 3872 1050 3911 nr.
1071 3856 1137 3910 140.
1226 3855 1255 3921 4)
1283 3853 1324 3905 De

202 3938 255 3991 qua
264 3925 445 3989 promissione
457 3927 491 3990 cf.
501 3924 588 3993 Fris,
599 3927 667 3979 ‘Dus
677 3927 860 3979 Territorinm
872 3927 917 3979 des
927 3927 1049 3980 Bistums
1057 3924 1233 3990 struitur
1240 3941 1269 3990 p.
1280 3925 1322 3979 60.

201 3994 230 4062 b)
246 3994 347 4046 Scilicet
359 3995 500 4047 Μενίου
511 3996 551 4050 II.
618 3997 644 4067 6)
664 3998 706 4063 (if.
722 4014 810 4065 snpra
824 4015 854 4065 p.
868 4000 911 4063 69,
928 3999 985 4053 is.
1001 3998 1038 4049 od
1053 4012 1079 4051 o.
1094 3997 1172 4052 1196.
1240 3996 1267 4062 7)
1283 3994 1324 4047 Dc

201 4065 325 4119 omnibns
335 4082 403 4133 quoe
414 4068 451 4118 od
463 4068 594 4120 electiones
605 4085 631 4122 a.
646 4070 723 4123 1198.
735 4075 855 4135 spectum
867 4070 902 4133 cf.
915 4067 1150 4133 Mourcnlreclur,
1162 4065 1324 4119 ‘Gesclriclitc

154 4152 183 4192 ro
201 4138 250 4188 der
267 4136 407 4190 deutschen
418 4137 635 4203 Kinipswolilsn’
645 4156 675 4206 p.
690 4141 742 4195 182
753 4155 827 4207 sqq.,·
845 4140 960 4206 Seeliper
971 4142 1002 4192 in
1014 4139 1128 4193 ‘Minuit
1141 4138 1186 4190 des
1198 4138 1324 4191 Instituta

200 4208 252 4273 fiir
269 4209 421 4263 isteureicli.
440 4208 751 4277 Geschiclitsforscliunp’
765 4210 847 4277 XVI,
860 4227 890 4278 p.
905 4214 940 4266 60
950 4227 1007 4279 sqq.
1025 4213 1061 4267 80
1072 4226 1145 4278 sqq.,·
1164 4210 1321 4272 Krammcr,

201 4279 298 4332 ‘Wani
322 4281 379 4332 und
396 4279 563 4347 Einsctzung
587 4281 633 4332 des
650 4281 798 4333 Deutsclscn
816 4282 938 4348 Kiniys'
954 4300 982 4351 p.
1000 4285 1035 4337 41
1047 4298 1105 4349 sqq.
1195 4282 1223 4343 81
1250 4281 1323 4333 euru

200 4350 274 4402 circo
285 4351 400 4404 nulnum
411 4352 526 4403 Domini
537 4368 562 4406 c.
574 4353 652 4418 1197,
665 4366 740 4418 quem
752 4352 898 4420 Philippus
906 4352 1058 4420 Hagenowe
1068 4353 1214 4407 morit.
1239 4351 1323 4403 Falso

202 4420 298 4477 Cicron.
321 4422 500 4491 Ursperpense
519 4423 674 4475 Curatum
697 4426 846 4493 episcopum
869 4425 935 4476 illuc
952 4440 979 4476 se
996 4425 1136 4477 contulisse
1153 4427 1268 4483 narrat·
1286 4420 1321 4485 cf.

155 4504 183 4543 45
201 4488 436 4546 Elisium-Ficker-
455 4494 470 4549 l.
488 4509 507 4549 o.
527 4510 571 4551 nr.
589 4494 679 4551 Med,
