3284 5150
319 551 336 604 2
634 543 816 598 ANNALES
837 543 1126 601 MARBAGENSRS.

245 736 310 776 Bere.
427 722 510 776 Anno
535 721 647 776 Domini
671 720 826 777 DCXLVI.
868 721 956 778 Beata
982 721 1133 776 Gerdrudis
1156 721 1243 792 virgo,
1267 721 1325 776 filis
1349 721 1442 792 Pipini

321 793 436 862 ducis,
465 810 541 847 soror
560 792 721 860 Grimoaldi,
749 791 903 846 Nivelensis
922 792 1029 847 cenobii
1047 796 1144 860 mater,
1168 793 1316 847 virtutibus
1334 793 1440 849 claruit

320 865 412 919 Huius
430 882 508 919 soror
525 864 621 934 Beggs
638 867 667 918 et
686 863 745 933 ipsa
763 863 892 933 religiosi
909 863 1016 933 Angiso
1034 864 1120 917 sancti
1135 863 1246 917 smulfi
1264 863 1322 918 filio
1340 864 1440 934 nupsit.

194 935 455 998 renaseuntur
499 952 615 1004 noque
634 934 768 988 Amulius
786 933 966 988 Maiensis
991 935 1202 1004 episcopus,
1230 952 1293 988 cum
1318 939 1388 990 esset
1411 936 1441 989 in

319 1007 462 1060 iuventute
474 953 545 1074 (iux,
564 1006 661 1076 genuit
679 1005 816 1075 Auginum
834 1005 948 1074 dueem;
975 1005 1097 1074 Angisus
1122 1005 1163 1060 de
1181 1005 1305 1076 Beggs
1329 1023 1440 1060 uxore
1460 1022 1473 1062 s

355 1079 416 1131 nuit
433 1077 582 1147 Pippinum
600 1077 706 1143 ducem,
725 1077 785 1144 qui
804 1077 892 1131 maior
909 1076 1008 1129 domus
1026 1076 1131 1147 regni
1147 1075 1336 1132 Francorum¹
1355 1081 1440 1134 eret.

344 1149 453 1219 ippinus
477 1148 574 1219 genuit
596 1147 733 1202 Ksrolum
757 1147 894 1202 seniorem
919 1151 948 1201 et
972 1147 1069 1200 ducem
1096 1151 1131 1201 et
1155 1148 1301 1202 maiorem
1325 1148 1442 1202 domus⁸

320 1220 551 1275 Francorum.
594 1218 715 1273 Karalus
741 1219 838 1287 genuit
863 1217 1115 1272 Ksrlomsnnum⁴
1143 1222 1178 1272 et
1196 1218 1353 1288 Pippinum,
1381 1220 1441 1288 qui

321 1292 438 1345 maiores
456 1290 568 1344 domus⁴
587 1306 623 1343 re
630 1288 692 1360 gni
715 1293 829 1344 erant.
866 1288 998 1359 Pippinus
1015 1293 1144 1358 postes
1160 1307 1210 1343 rex
1227 1291 1322 1360 gennit
1340 1289 1441 1344 Kar-lo-

321 1361 484 1415 msnnum⁶
503 1360 691 1443 etflKsrolum
710 1376 813 1443 regem,
835 1364 959 1444 postes
977 1361 1179 1442 imperatorem,
1198 1365 1440 1431 cognomento
1461 1380 1489 1418 ro

245 1432 521 1556 ammiti?
536 1431 868 1558 bibbbttiitb?
875 1431 1350 1572 ¹tititttii‘nrnn·
1372 1503 1442 1558 0011.

321 1573 456 1628 stentinus
485 1573 592 1628 huius
628 1574 786 1628 nominis
823 1572 904 1630 1111.
941 1575 1144 1643 imperator
1173 1573 1344 1629 Romanis
1378 1576 1442 1628 im·

321 1663 463 1733 perat⁶3
504 1657 593 1714 cuius
632 1656 827 1732 temporibus
868 1646 1223 1735 fConstantinopolis⁷
1260 1652 1442 1736 septennio

320 1741 458 1805 obsessa
480 1759 544 1804 neo
566 1743 685 1803 tamen
708 1743 761 1803 est
791 1743 902 1823 capta.
955 1739 1026 1804 Sub
1057 1741 1177 1805 eodem
1201 1736 1440 1806 Constantino1
1462 1760 1487 1801 ιι
1524 1814 1528 1822 1

320 1835 428 1892 floruit
461 1835 573 1892 beatus
604 1834 773 1892 Nicholaus
810 1834 1080 1909 archiepiscopus,
1119 1837 1173 1910 qui
1213 1839 1325 1910 postea
1356 1837 1442 1911 apud

323 1924 467 1997 Myream
500 1923 560 1980 sub
590 1923 768 1980 iustiniano
798 1923 920 1981 minore
948 1923 1137 1998 imperatore
1167 1941 1251 1981 anno
1286 1926 1442 1982 dominice

320 2012 548 2070 incarnationis
571 1998 790 2069 Dcnxxm.¹³
814 2013 962 2087 migravit
984 2013 1027 2069 ad
1048 2007 1251 2070 Dominum⁸.

427 2100 548 2158 Eodem
570 2103 712 2175 tempore
735 2101 849 2158 beatus
865 2101 1060 2176 Arbogastus
1079 2091 1251 2171 [extitiffl
1269 2104 1323 2178 qui
1340 2102 1441 2160 filium

322 2189 492 2265 Dagoberti
515 2206 534 2246 a
557 2192 658 2246 morte
681 2189 859 2258 suscitavit,
884 2193 916 2247 et
939 2190 1126 2259 Florentius,
1151 2192 1205 2265 qui
1234 2191 1332 2249 filiam
1363 2192 1442 2249 eius·
1461 2207 1489 2245 so

323 2279 396 2336 dem
419 2279 501 2354 regis
524 2295 544 2336 a
574 2278 719 2336 demonio
742 2282 891 2336 vexatam
920 2279 1076 2348 liberavit,
1099 2280 1273 2354 Argentine
1303 2281 1443 2337 vicissim

323 2368 530 2425 succedentes
553 2368 691 2442 episcopi
714 2367 896 2425 claruerunt
904 2362 926 2425 ⁹.

197 2437 312 2531 mm·
430 2443 512 2498 Anno
537 2443 649 2498 Domini
669 2443 873 2501 chxxffli.
916 2444 1090 2514 Dsgobertus
1114 2462 1164 2499 rex
1189 2445 1265 2513 obiit,
1292 2450 1326 2499 et
1350 2445 1443 2499 filii¹⁰

242 2521 246 2530 ’
306 2513 611 2585 'eiusduoregno
629 2514 918 2571 substituuntur.
955 2515 1218 2587 Sygebertuscum
1235 2516 1444 2587 Pippinoduce

322 2590 357 2641 et
384 2586 518 2640 maiore
546 2586 669 2641 domus
697 2604 733 2641 re
763 2586 795 2641 ie
823 2588 1036 2655 Austrssism‚
1062 2587 1214 2642 clodoveus
1241 2590 1332 2642 iunior
1350 2590 1444 2643 oum¹¹
1462 2602 1489 2642 ro

179 2639 304 2733 ἥκω
322 2656 472 2712 Nsnthilde
497 2661 611 2711 matre
635 2662 669 2711 et
687 2657 741 2712 liro
763 2658 769 2669 “
791 2658 861 2713 oldo
883 2659 993 2712 maiore
1011 2659 1108 2712 domus
1131 2660 1234 2729 regie
1252 2659 1444 2713 Franciam

194 2720 359 2787 manain
376 2725 626 2799 Burgundism
652 2729 805 2799 accepit.
844 2728 1010 2801 sygebertus
1034 2745 1084 2783 rex
1102 2729 1213 2783 Austri
1229 2728 1349 2800 Pippino
1374 2730 1444 2784 duce

323 2890 345 2941 s)
363 2889 488 2929 orientibus
502 2901 520 2929 e.
589 2890 612 2940 b)
632 2901 679 2929 mm
698 2902 768 2929 annue
783 2891 867 2929 incarne.
886 2900 953 2938 roano
966 2889 1086 2929 Iustiniani
1103 2902 1146 2930 non
1165 2892 1283 2940 montisi,
1301 2891 1350 2939 lieri
1363 2895 1443 2940 potest,

323 2947 346 2981 nt
360 2942 522 2982 DOLXXXIII.
537 2944 648 2992 ivandam
661 2944 697 2984 eit.
766 2943 786 2993 c)
805 2944 881 2983 extitit
895 2943 918 2980 in
931 2944 1029 2992 mame
1043 2948 1095 2992 past
1110 2954 1180 2983 aoosm
1196 2944 1333 2992 Artogestus
1351 2946 1384 2992 (tn
1402 2945 1444 2993 tine

323 2997 392 3035 lineas
404 2996 518 3045 scriptam)
537 2997 610 3035 mern
627 3008 694 3036 niens
712 2998 761 3039 aad.
770 3009 779 3043 ,·
796 2997 840 3035 nisi
857 2996 934 3045 failor,
955 2997 982 3035 ab
999 2997 1047 3045 ipssa
1066 2998 1158 3037 librario
1173 2997 1321 3047 It'eoinmenei
1333 3010 1376 3038 non
1390 3002 1445 3037 reae
1463 3003 1490 3042 30

324 3050 426 3089 &annas
438 3049 616 3099 Habentur-passi
629 3052 741 3092 insertum.

325 3176 351 3241 1)
372 3172 488 3226 Sanctus
501 3203 535 3213 -
548 3172 683 3243 Magnum
701 3175 731 3239 (l.
746 3176 792 3234 11)
810 3190 845 3226 aa·
856 3173 980 3240 Maenia
992 3176 1094 3228 Karoii
1109 3177 1161 3241 (at.
1174 3176 1329 3240 Ransaieen)
1342 3176 1366 3241 I,
1384 3191 1404 3229 e.
1420 3178 1443 3230 1.

323 3247 351 3310 2)
371 3244 412 3309 Gt.
425 3245 588 3297 Barsalium
600 3246 637 3296 asi
655 3262 680 3299 a.
695 3246 754 3300 714.
818 3245 847 3313 3)
868 3245 911 3309 Of.
923 3245 1020 3297 Man
1031 3246 1068 3297 ad
1086 3262 1112 3300 a.
1125 3248 1186 3301 726.
1249 3245 1277 3316 4)
1293 3246 1335 3310 Cf.
1347 3246 1445 3299 Wdem

324 3316 361 3366 ad
378 3331 403 3369 a.
418 3317 478 3370 741.
569 3314 596 3385 b)
625 3317 666 3380 Cf.
686 3315 782 3367 ibidem
801 3317 839 3367 aa
856 3332 882 3370 a.
896 3318 956 3371 768.
1048 3318 1076 3384 3)
1100 3316 1130 3369 in
1149 3316 1261 3369 orientis
1278 3316 1403 3385 pertibus
1421 3324 1445 3369 st

323 3384 457 3439 Romanis
475 3385 593 3455 imperat
610 3388 718 3453 saepias
735 3386 863 3439 Historia
880 3386 1010 3441 Miscelia.
1118 3386 1146 3456 7)
1171 3388 1213 3452 Of.
1231 3393 1322 3440 notam
1339 3391 1444 3455 marei·
1463 3405 1489 3445 ss

323 3458 411 3509 naiom
429 3472 496 3512 saca.
508 3457 593 3512 XIII.
612 3457 666 3513 aad.
679 3457 798 3510 Icnonsis
815 3458 865 3521 fol.
875 3459 918 3513 73.
939 3459 976 3509 ad
993 3458 1094 3511 OttonIs
1107 3459 1229 3525 Frisinp.
1247 3459 1397 3513 chronicon
1413 3460 1444 3525 V,

324 3543 344 3582 a.
356 3531 405 3583 12:
421 3527 519 3581 eodem
530 3531 655 3597 tempore
668 3526 919 3597 Constantinopolis
937 3528 1046 3582 obsessa
1064 3527 1116 3582 fuit
1128 3527 1188 3583 VII
1206 3530 1284 3582 annis
1297 3529 1445 3598 aquodam

325 3598 395 3651 stolo
414 3602 442 3652 et
459 3615 516 3652 non
534 3604 623 3668 capto,
642 3600 689 3651 nii
705 3602 775 3652 miro
791 3615 884 3653 errore
901 3598 987 3653 stolus
1005 3616 1059 3652 non
1076 3602 1178 3667 dossa,
1196 3602 1242 3653 sed
1261 3618 1379 3667 persona
1403 3603 1446 3653 in-

324 3670 464 3737 telieyitnr.
495 3671 600 3723 Notitia
611 3686 644 3722 ea
656 3670 784 3724 Historia
796 3671 918 3723 Miscelia
936 3671 988 3735 (ed.
1000 3671 1202 3739 Eyssenhardt)
1212 3673 1293 3740 XXI,
1311 3688 1332 3725 a.
1346 3675 1388 3728 14.
1402 3676 1444 3728 13.

326 3740 428 3793 hanna
451 3746 497 3796 est.
605 3743 633 3809 8)
659 3741 699 3794 De
716 3758 737 3796 s.
756 3742 873 3807 Nysaioi
889 3742 1027 3807 Hyrensis
1043 3745 1099 3794 vita
1116 3750 1140 3795 et
1157 3749 1272 3810 tempore
1292 3744 1364 3795 nihii
1387 3745 1446 3809 fere
1462 3760 1491 3799 no

325 3818 445 3876 constan·
469 3811 566 3879 quibas
589 3812 620 3863 de
637 3814 726 3865 canen
746 3813 908 3880 tenporibus
931 3813 1103 3866 Constantini
1119 3814 1169 3868 IV.
1196 3819 1219 3865 at
1237 3814 1389 3867 Iustiniani
1404 3814 1445 3869 ΙΙ.

326 3888 437 3936 anatem
461 3884 519 3934 eins
543 3884 690 3935 attribuere
714 3884 835 3936 Annales
858 3884 1044 3936 Narbonenses
1069 3885 1178 3937 adasai
1200 3886 1264 3951 sint,
1289 3886 1443 3952 Falcanins,

325 3954 420 4005 Sancti
436 3953 543 4005 Niooiti
559 3955 628 4005 Aeta
644 3955 809 4021 primiparis
827 3955 953 4023 (Neapoli
965 3958 1047 4015 1751)
1060 3971 1091 4022 p.
1106 3958 1147 4010 13.
1166 3958 1296 4023 ameni.
1333 3957 1445 4009 Falsum

325 4024 434 4076 canaan
451 4025 601 4091 opiniannn
619 4040 674 4077 non
698 4040 716 4076 a
739 4032 833 4079 nostra
856 4027 998 4097 monitans,
1024 4026 1070 4078 sai
1092 4028 1269 4095 scipionibus
1291 4043 1358 4083 saec.
1377 4027 1445 4081 XH.

325 4110 486 4147 wmmnnem
502 4095 589 4159 suisa
606 4111 648 4151 aa.
665 4113 708 4162 pr.
727 4096 902 4149 Monamnita
919 4098 1131 4165 &manera
1149 4098 1211 4164 (SS.
1230 4098 1344 4166 XXIII,
1358 4115 1389 4166 p.
1401 4101 1445 4155 45.
1462 4113 1490 4153 se

325 4167 368 4221 46.
386 4168 434 4227 53)
448 4164 576 4233 probant.
613 4166 656 4231 (37.
674 4169 756 4220 etiam
773 4173 866 4220 notam
883 4170 1060 4236 marginalem
1077 4185 1144 4223 saec.
1155 4169 1240 4224 XIII.
1259 4172 1314 4224 aad.
1327 4170 1446 4223 Ienenn's

326 4236 348 4299 f.
362 4238 409 4291 ts:
428 4236 479 4288 sub
498 4235 550 4289 isto
563 4235 742 4291 Constantino
760 4236 855 4291 floruit
872 4238 969 4293 beatus
981 4237 1112 4293 Nicolsus
1130 4240 1281 4310 episcopus.
1353 4240 1382 4310 9)
1402 4240 1444 4305 Of.

325 4306 463 4374 Lepatdas
495 4325 516 4363 s.
548 4308 697 4375 Arbayesti
730 4315 754 4362 st
783 4327 804 4365 s.
836 4311 970 4363 Itansiii
1003 4312 1079 4379 apina
1109 4313 1286 4379 Grandidier,
1318 4312 1447 4365 ‘Histoire

325 4377 357 4432 a
375 4360 487 4444 rnna
504 4380 535 4433 a
546 4379 726 4447 strenas
739 4381 780 4446 1⁶,
795 4398 827 4449 p.
838 4384 939 4446 conr.
953 4382 1002 4449 18,
1018 4400 1047 4451 p.
1060 4385 1104 4448 ss,
1115 4399 1159 4438 nr.
1172 4385 1217 4438 22.
1291 4381 1399 4453 1o)fi1n
1413 4412 1445 4423 -

325 4447 415 4503 finivit
431 4466 466 4502 aa
482 4450 568 4503 Libro
584 4450 657 4506 Hist.
677 4452 778 4507 Itane.
796 4467 816 4508 a.
833 4454 876 4508 42.
894 4454 939 4508 43.
1012 4456 1057 4522 11)
1085 4469 1149 4506 cum
1167 4451 1268 4508 Nuntii
1288 4457 1317 4507 et
1334 4452 1445 4510 Erchin.
1463 4469 1490 4510 oo

325 4520 429 4575 msiore
447 4521 545 4575 domus
563 4523 601 4586 af.
619 4523 718 4578 Cieron.
737 4523 900 4578 iibersieeim.
918 4526 970 4579 ai
987 4524 1049 4590 (SS.
1068 4524 1182 4591 XXIII,
1195 4541 1225 4593 p.
1238 4527 1312 4593 433).
