3284 5150
333 514 350 567 6
646 507 829 564 Arrianus
846 505 1136 563 maracharius,

258 674 480 767 fflcousuluit.
526 685 636 740 (luins
662 686 845 740 auctoritate¹
873 688 901 740 et
929 701 987 739 non
1012 685 1100 738 multo
1130 687 1195 754 post
1220 685 1296 738 iussu
1324 684 1460 754 Stephani

318 755 455 812 'Romani
472 755 610 828 pontificis
627 756 780 826 Hilderico,
799 757 859 825 qui
877 759 963 811 tunc
980 755 1158 824 temporis
1175 772 1325 825 regnum
1342 756 1460 811 Fran·

259 843 324 884 aas.
335 845 454 884 corum
479 829 646 897 tenebat,
671 827 796 897 deposito
815 832 899 896 atque
916 827 946 880 in
963 827 1160 880 monasterium
1179 826 1299 896 detruso,
1323 826 1377 897 Pip
1396 829 1460 881 inus

335 901 452 954 maior
476 899 600 954 domus
618 916 669 953 rex
687 897 858 954 Francorum
876 899 980 952 electus
997 902 1027 952 et
1043 896 1203 952 suessionis
1220 915 1238 952 a
1255 903 1350 952 sancto
1393 916 1459 954 ono-

336 971 407 1026 facio
419 969 657 1041 Magunciensi
676 969 881 1038 archiepiscopo
893 973 992 1023 unctus
1008 972 1058 1023 est
1076 985 1161 1022 anno
1173 968 1308 1023 Domini
1318 969 1458 1027 nccnss.
1477 985 1498 1025 n

200 1055 325 1097 rimer.
443 1042 517 1096 Gens
544 1058 695 1110 namque
719 1040 961 1111 Merovingornm,
990 1039 1025 1094 de
1052 1057 1107 1108 qua
1131 1039 1232 1095 Franci
1257 1057 1337 1110 reges
1363 1058 1459 1096 meare

335 1112 387 1166 sibi
400 1112 473 1166 soliti
485 1115 572 1182 erant,
590 1129 676 1181 usque
694 1112 736 1166 ad
754 1112 819 1166 hec
837 1116 1002 1180 tempora
1021 1111 1166 1180 duravit;
1184 1128 1238 1180 que
1255 1111 1458 1181 licetinHyl·

336 1183 461 1238 derico
486 1183 564 1238 linita
587 1184 675 1253 possit
697 1183 795 1251 videri,
818 1186 913 1236 tamen
939 1182 995 1236 iam
1019 1181 1124 1236 dudum
1148 1183 1250 1236 nullius
1267 1183 1369 1254 rigoris
1390 1187 1459 1251 erat,

335 1272 388 1309 nec
406 1255 553 1324 quicquam
571 1254 600 1308 in
618 1271 647 1308 se
666 1255 771 1308 clanim
797 1257 892 1323 preter
917 1253 999 1307 inane
1017 1254 1090 1322 regis
1108 1253 1273 1307 vocabulum
1291 1252 1458 1323 preferebat.

229 1340 258 1388 af.
269 1340 325 1380 rar.
336 1324 409 1379 Nam
427 1342 493 1394 opes
512 1329 540 1379 et
557 1325 683 1394 potentia
699 1324 779 1396 regni
796 1327 896 1394 pe*nes
912 1324 1012 1393 palacii
1030 1324 1174 1392 prefectos,
1203 1325 1249 1393 qui
1274 1325 1391 1380 maiores
1409 1325 1457 1380 do·
1478 1341 1514 1380 10

334 1413 395 1450 mus
413 1396 584 1464 dicebantur,
612 1400 640 1450 et
665 1396 700 1449 ad
725 1411 794 1464 quos
820 1412 928 1450 summa
952 1395 1063 1464 imperii
1088 1396 1253 1464 pertinebat,
1277 1397 1458 1466 tenebantur;

335 1483 424 1536 neque
441 1467 502 1536 regi
519 1467 594 1520 aliud
611 1466 825 1536 relinquebatur,
851 1483 935 1535 quam
962 1469 994 1519 ut
1020 1467 1097 1537 regio
1123 1471 1233 1520 tantum
1257 1467 1369 1521 nomine
1393 1485 1458 1522 con·

335 1541 435 1606 tentus,
463 1538 538 1593 crine
564 1537 685 1607 profuso,
713 1537 801 1592 barba
818 1537 961 1606 submissa,
983 1537 1051 1591 solio
1069 1537 1203 1592 resideret
1220 1554 1253 1591 ac
1270 1538 1391 1607 speciem
1409 1539 1458 1592 do·

335 1608 465 1663 minantis
482 1607 635 1679 effingeret,
660 1610 766 1678 legatos
791 1608 982 1677 undecumque
999 1608 1140 1662 venientes
1157 1608 1265 1662 audiret
1283 1610 1377 1678 eisque
1395 1611 1459 1664 abe·

335 1680 446 1734 uatibus
463 1697 602 1749 responsa,
620 1697 690 1748 quae
708 1683 768 1733 erat
785 1679 882 1733 doctus
898 1679 943 1733 vel
961 1680 1045 1732 etiam
1063 1679 1159 1748 iussus,
1178 1697 1213 1734 cx
1230 1697 1279 1734 sna
1290 1681 1367 1734 velut
1380 1685 1458 1749 pote-
1478 1695 1509 1734 ra

336 1755 406 1806 state
432 1751 576 1818 redderet3
605 1767 668 1804 cum
695 1755 788 1819 preter
814 1749 912 1804 inutile
937 1749 1012 1819 regis
1037 1767 1140 1804 nomen
1166 1754 1195 1805 et
1220 1751 1376 1820 precarium
1402 1752 1459 1806 vita

335 1821 517 1892 stipendium,
545 1821 619 1890 quod
646 1820 673 1875 ei
696 1819 835 1890 prefectus
859 1821 921 1874 aule
947 1826 1031 1889 prout
1054 1821 1201 1876 videbatur
1228 1823 1391 1890 exhibebat,
1417 1823 1457 1876 nil

336 1891 413 1946 aliud
430 1892 536 1962 proprii
553 1892 704 1962 possideret
722 1909 806 1960 quam
828 1909 913 1945 unam
939 1893 1068 1961 preparvi
1094 1892 1199 1946 reditus
1216 1893 1320 1963 villam,
1348 1893 1377 1947 in
1404 1911 1459 1962 qua

336 1963 449 2018 domurn
467 1966 496 2017 et
513 1980 548 2017 ea
566 1980 621 2032 qua
635 1963 753 2017 famulos
768 1963 820 2018 sibi
832 1963 1018 2018 ministrantes
1030 1967 1112 2032 atque
1124 1964 1286 2032 obsequium
1297 1964 1459 2019 exhibentes

335 2051 423 2104 pauca
449 2034 653 2088 numerositatis
679 2035 806 2090 habebat.
853 2034 1034 2104 Quocumque
1067 2035 1188 2089 eundum
1218 2039 1289 2104 erat,
1327 2041 1458 2105 carpento
1477 2051 1507 2090 ao

336 2105 402 2177 ibat,
429 2105 520 2160 bubus
547 2106 646 2160 iunctis
673 2110 702 2160 et
728 2106 849 2160 bubulco
873 2106 976 2160 rustico
993 2123 1071 2160 more
1089 2111 1189 2177 agente
1207 2107 1376 2163 trahebatur.
1413 2106 1459 2162 Sic

336 2175 372 2230 ad
388 2177 535 2246 palacium,
558 2177 597 2231 sic
615 2177 651 2232 ad
668 2177 811 2246 publicum
829 2177 925 2246 populi
943 2177 985 2231 sui
1003 2183 1178 2247 conventum,
1197 2178 1245 2247 qui
1262 2177 1404 2232 annuatim
1422 2178 1459 2232 ob

335 2247 416 2318 regni
433 2248 582 2303 utilitatem
600 2248 799 2318 celebrabatur,
817 2248 867 2316 ire,
885 2249 925 2302 sic
944 2249 1057 2302 domum
1075 2249 1165 2302 redire
1177 2249 1290 2304 solebat.
1322 2249 1362 2303 At
1379 2248 1459 2319 regni

336 2318 611 2374 amministrationem
629 2324 657 2374 et
675 2320 767 2374 omnia
785 2336 856 2388 quae
873 2319 918 2372 vel
941 2319 1016 2372 domi
1034 2319 1078 2372 vel
1097 2318 1164 2372 foris
1181 2319 1288 2388 agenda
1312 2335 1345 2372 ac
1368 2319 1458 2388 dispc

335 2389 427 2444 nenda
445 2395 524 2444 erant
541 2390 679 2459 prefectus
697 2391 760 2444 aule
776 2390 951 2459 procurabat.
1477 2404 1506 2445 rs

239 2475 326 2515 suaa.
444 2459 506 2530 Quo
533 2460 625 2515 officio
651 2466 732 2528 tunc,
762 2477 826 2514 cum
843 2459 1010 2527 Hyldericus
1030 2459 1228 2528 deponebatur,
1248 2458 1382 2530 Pippinus
1402 2461 1459 2514 iam

337 2532 413 2587 velut
430 2530 596 2615 hereditario
613 2532 693 2614 iure
709 2529 891 2612 iungebatnr;
909 2530 957 2599 qui
968 2529 1058 2584 honor
1068 2546 1124 2585 non
1137 2531 1198 2614 aliis
1208 2529 1269 2585 dari
1279 2536 1459 2615 consueverat

338 2603 546 2729 eththa?
563 2604 887 2742 §hildilidiffi
905 2605 942 2725 ..t
959 2618 1057 2727 tlt
1074 2603 1459 2743 attitulatum&

337 2746 467 2799 lomanno
493 2743 630 2811 relictum,
657 2760 765 2797 summa
792 2743 939 2797 concordia
965 2742 1093 2813 divisum,
1120 2762 1182 2799 sex
1210 2745 1288 2799 annis
1314 2746 1366 2800 sub
1392 2763 1458 2817 rege
1477 2762 1503 2801 ao

338 2819 490 2869 memorato
513 2814 652 2884 tenuisset,
677 2813 882 2867 Karlomannus
904 2831 997 2869 amore
1014 2816 1229 2871 conversationis
1247 2818 1459 2886 contemplative

336 2902 488 2953 succensus,
514 2901 629 2955 operosa
646 2884 806 2955 temporalis
823 2886 903 2955 regni
921 2885 1168 2941 amministratione
1185 2888 1290 2957 relicta,
1318 2888 1347 2941 in
1365 2892 1459 2943 monte

338 2956 488 3011 (lasciuo
507 2960 602 3026 optata
619 2956 712 3024 quiete
729 2956 890 3026 perfruitur.

241 3046 270 3087 st.
277 3056 295 3083 0.
305 3044 325 3085 a.
443 3026 576 3097 Pippinus
593 3030 686 3081 autem
703 3044 753 3097 per
771 3028 963 3098 auctoritatem
981 3027 1100 3083 Romani
1117 3029 1256 3099 pontificis
1276 3048 1312 3085 ex
1335 3030 1459 3099 prefecto

336 3098 434 3168 palacii
456 3116 506 3153 rex
523 3099 695 3168 constitutus,
723 3116 786 3153 curn
808 3116 859 3170 per
880 3099 1031 3168 aliquod
1049 3117 1135 3155 annos
1151 3100 1265 3156 Francis
1282 3101 1356 3155 solus
1372 3101 1458 3170 impe
1476 3117 1501 3157 aa

260 3175 419 3239 serararet,
437 3169 610 3239 Stephanus²
626 3188 700 3239 papa
716 3187 768 3240 pro
787 3170 890 3225 auxilio
908 3175 1005 3225 contra
1022 3170 1193 3226 Haistulium
1211 3171 1458 3242 Irongobardorum

207 3241 811 3387 aspar-tiffimalliliidh‘teithi
828 3240 1226 3382 idttttttgttlt
1239 3242 1459 3384 eddidit

281 3358 558 3436 m'Karlomannum
577 3382 697 3437 Par-isius
714 3399 793 3452 reges
811 3382 933 3436 inunxit
950 3399 1042 3437 anno
1060 3383 1205 3438 Domini
1222 3383 1374 3442 DGOLHI.

174 3472 326 3514 mua-sao.
443 3453 576 3509 Eodem
608 3470 699 3508 anno
727 3452 861 3523 Pippinus
890 3470 941 3507 rex
967 3452 1088 3508 Saxonia
1114 3459 1227 3509 vastata
1254 3455 1365 3509 Italiam
1394 3472 1457 3511 cum
1474 3472 1501 3511 so

337 3525 460 3580 exercitu
486 3525 602 3593 petiit,
629 3524 801 3578 Haistulfum
828 3540 923 3595 regem
942 3523 1029 3593 Papie
1054 3527 1194 3580 obsessum
1219 3526 1328 3581 obsides
1346 3526 1412 3581 dare
1431 3531 1458 3581 ot

336 3613 380 3650 res
397 3596 484 3651 sancti
502 3594 579 3649 Petri
606 3596 656 3650 sub
684 3598 855 3649 sacramento
873 3594 989 3649 reddere
1008 3597 1108 3667 coegit.
1145 3596 1232 3651 Post
1258 3597 1458 3651 discessum

336 3666 402 3736 Pip
409 3666 487 3737 pini
513 3666 613 3737 ragis
636 3664 791 3720 Haistulius
815 3668 1017 3721 sacramentum
1041 3670 1239 3737 contempnens
1262 3667 1383 3722 Romam
1410 3670 1458 3723 ob·

336 3737 415 3806 sidet,
440 3738 534 3791 omnia
554 3738 658 3792 circum
682 3737 756 3792 ferro
781 3740 810 3792 et
833 3738 898 3808 igne
922 3740 1039 3793 vastans.
1076 3737 1296 3808 Quapropter
1322 3757 1394 3809 papa
1419 3741 1457 3793 le·

355 3812 413 3863 atos
425 3826 475 3878 per
487 3825 564 3862 mare
576 3808 611 3862 ad
623 3808 773 3877 Pippinum
788 3825 911 3879 regem
928 3826 980 3878 pro
996 3809 1098 3863 auxilio
1117 3811 1198 3866 misit
1236 3808 1304 3879 Qui
1321 3812 1457 3865 veniens
1473 3827 1499 3866 aa

335 3828 507 3933 haistulfum
535 3878 620 3949 Papia
650 3878 783 3933 obsedit
814 3882 842 3933 et
875 3878 1037 3935 Ravennam
1068 3881 1188 3951 aliasque
1218 3882 1300 3936 urbes
1330 3899 1457 3951 pervasas

337 3956 431 4011 sancto
449 3948 534 4005 Petro
553 3954 582 4005 et
599 3949 712 4004 domino
730 3967 802 4019 pape
819 3950 854 4005 vi
873 3952 997 4005 ablata
1014 3951 1130 4006 reddere
1148 3952 1290 4021 compulit.

335 4157 357 4203 a)
372 4154 486 4195 eminebat
500 4166 518 4199 c.

336 4334 362 4400 1)
380 4333 426 4384 Eu
444 4332 576 4385 Bernoldo
594 4333 630 4383 od
653 4348 679 4386 a.
699 4335 759 4388 752.
783 4339 807 4386 et
828 4349 862 4385 erc
879 4332 1022 4385 Er'nhordi
1041 4335 1104 4386 Vita
1122 4334 1226 4387 Koroli
1242 4351 1263 4392 c.
1283 4339 1298 4391 1
1319 4335 1403 4407 (iussu
1423 4367 1456 4375 -

335 4403 465 4474 detruso).
542 4405 570 4471 2)
587 4403 691 4456 Atisim
709 4405 864 4456 Bernoldus
882 4405 920 4455 ad
937 4420 963 4459 o.
977 4407 1037 4460 753.
1115 4404 1143 4475 3)
1164 4405 1199 4458 ob
1218 4436 1253 4446 -
1272 4405 1408 4477 Magnum
1425 4424 1457 4461 ec
1473 4423 1497 4463 eo

333 4476 457 4542 Lependo
475 4475 578 4528 Korcli
594 4475 618 4542 l,
637 4478 689 4530 αἳ
707 4475 757 4541 (ed.
777 4474 920 4527 Ruuachm
933 4491 963 4542 p.
976 4478 1020 4540 23,
1038 4478 1056 4530 i.
1069 4478 1107 4544 8).
