3284 5150
300 496 335 550 90
614 490 669 545 AN
671 489 795 545 NALES
813 488 1106 546 MARBAOENSIIS.

300 679 493 758 sperantes;
529 674 621 739 unde
656 677 692 739 et
726 673 865 757 regem1
902 673 998 737 illius
1036 673 1272 737 multitudinis
1310 672 1424 736 filium

299 764 413 828 David
437 763 697 848 appellabant⁸.

211 860 289 913 1223.
406 853 509 917 Anno
540 850 776 916 MOOXXHI.
831 850 917 916 Orta
951 854 1004 915 est
1038 850 1238 934 pestilentia
1273 852 1423 915 maxima

300 961 462 1025 pecorum
497 944 532 1006 et
566 941 816 1017 iumentorum,
852 939 1038 1024 incipiens,
1071 944 1112 1003 ut
1146 939 1340 1017 dicebatur,
1376 940 1421 1003 ab

300 1030 454 1113 Ungaria
477 1034 513 1095 et
536 1050 597 1113 per
619 1048 742 1094 omnes.
761 1028 954 1112 provincias
976 1029 1222 1093 interiacentes
1248 1028 1422 1093 transiens
1440 1050 1456 1089 s

299 1139 407 1202 usque
438 1119 482 1182 ad
514 1138 592 1195 nos;
625 1138 712 1202 quae
743 1118 849 1182 etiam
880 1118 1018 1182 duravit
1047 1117 1196 1201 amplius
1225 1138 1329 1199 qnam
1360 1138 1422 1201 per

300 1208 520 1273 trienniumi.
559 1208 609 1270 Eo
633 1210 788 1290 tempore
811 1206 907 1271 iacta
930 1209 983 1270 est
1007 1199 1174 1290 eclypsisb
1195 1206 1278 1269 lune
1301 1207 1422 1269 statim

299 1297 488 1380 incipiente
512 1316 596 1360 sero.

407 1386 488 1469 Ipso
512 1404 603 1448 anno
625 1384 808 1449 Heinricus
832 1384 1012 1468 episcopus
1028 1383 1292 1466 Argentinensis
1315 1383 1421 1460 obiit;

299 1474 356 1538 cui
380 1472 614 1537 Bertholdns3
637 1473 812 1537 successit.
859 1472 928 1535 Hic
952 1493 1030 1537 cum
1054 1474 1145 1537 esset
1167 1472 1310 1548 invenis,
1337 1493 1422 1536 sano
1442 1494 1472 1532 ιο

299 1582 433 1646 semper
455 1566 557 1626 utens
581 1562 733 1637 consilio,
758 1562 795 1624 in
818 1561 978 1626 omnibns
1001 1561 1144 1644 agendis
1165 1561 1236 1624 suis
1251 1562 1423 1625 seniorem

299 1672 335 1715 se
358 1652 465 1734 gessit
487 1651 525 1714 in
548 1670 651 1734 opere
675 1654 845 1733 quantum
866 1650 910 1713 ad
927 1653 1152 1733 augmentum
1168 1670 1229 1714 sue
1244 1650 1421 1735 ecclesiae,

299 1762 401 1823 quam
437 1741 506 1804 suis
544 1740 757 1824 temporibus
796 1738 875 1822 plns
913 1739 1039 1803 ditavit
1073 1759 1174 1821 quam
1214 1759 1333 1803 omnes
1368 1740 1423 1803 sni

300 1832 532 1893 antecessores
541 1828 563 1889 ⁴.
625 1828 671 1891 Et
709 1848 914 1911 quocunque
952 1848 988 1892 se
1026 1828 1202 1902 vertebat,
1249 1828 1422 1911 prosperis

299 1918 512 1983 successibus
535 1917 691 2001 pollebat
715 1920 751 1981 et
773 1917 983 1981 monasteria
1004 1916 1042 1979 in
1065 1936 1127 1980 suo
1151 1916 1324 2001 episcopio
1353 1918 1471 1981 sitam

299 2007 382 2071 satis
406 2008 556 2070 humane
581 2010 616 2071 et
639 2006 713 2069 sine
736 2026 862 2089 magno
885 2004 1083 2088 gravamine
1107 2006 1258 2088 protexit
1281 2009 1317 2069 et
1332 2006 1423 2069 fovit

299 2100 403 2178 atque
438 2096 509 2158 suis
537 2096 641 2159 rebus
677 2097 861 2159 contentus
895 2094 966 2157 fuit
1000 2096 1036 2158 et
1069 2094 1198 2158 idcirco
1232 2094 1422 2177 gloriosum

298 2205 423 2249 nornen
447 2184 513 2248 sibi
537 2184 729 2267 acquisivit.

210 2278 288 2333 1225.
406 2275 507 2337 Anno
531 2272 739 2337 MOOXXV.
788 2272 932 2336 Factum
964 2274 1017 2336 est
1040 2270 1227 2337 concilium
1256 2292 1421 2355 magnum

298 2363 335 2425 in
359 2362 540 2446 Hyspania
562 2363 703 2426 civitate
728 2361 854 2444 Burgis
864 2359 885 2437 ⁵,
910 2360 967 2423 cni
990 2361 1123 2444 prefuit
1145 2361 1286 2443 qnidam
1314 2361 1420 2425 cardi·
1441 2382 1469 2421 ro

298 2450 387 2513 nalis
411 2471 542 2514 summe
567 2454 676 2511 ...st
705 2449 842 2533 legatus
868 2450 1007 2513 nomine
1031 2449 1207 2513 Romanus
1215 2449 1236 2527 ⁶,
1260 2449 1321 2513 ubi
1345 2470 1421 2514 con·

297 2543 466 2604 venerant
496 2538 761 2624 archiepiscopi,
798 2538 967 2622 episcopi,
1007 2538 1167 2615 abbates,
1207 2539 1351 2604 comites
1385 2541 1421 2604 et

299 2629 443 2692 barones
467 2627 594 2710 aliique
619 2627 745 2711 prelati
774 2646 879 2711 supra
905 2628 1047 2691 modum
1077 2627 1190 2691 multi.
1244 2628 1315 2692 Sub
1344 2628 1420 2712 ipso

297 2719 452 2799 tempore
475 2715 640 2800 puerulus
664 2715 805 2798 quidam
828 2715 969 2780 scolaris
992 2717 1130 2781 nomine
1154 2717 1328 2781 Iohannes
1350 2717 1421 2780 fuit

297 2806 334 2868 in
359 2804 483 2890 Gallya
510 2805 651 2870 civitate
676 2805 876 2881 Senononsi,
908 2805 1006 2869 cuius
1036 2809 1110 2870 etas
1139 2808 1225 2870 tunc
1254 2806 1420 2890 temporis
1439 2825 1468 2864 a

299 2895 567 2978 computabatur
589 2915 660 2958 non
682 2893 831 2978 amplius
855 2915 958 2977 quam
974 2894 1025 2957 VI
1049 2915 1228 2972 annorum,
1253 2895 1314 2978 qui
1328 2895 1420 2958 tanti

298 2984 479 3049 dicebatur
500 2984 608 3048 fnisse
632 2983 765 3068 ingenii
788 2988 824 3048 et
847 2983 1054 3059 litterature,
1079 2987 1244 3065 quantam
1265 2985 1360 3067 prius
1377 2983 1420 3048 de

298 3073 439 3138 tantillo
463 3093 568 3156 puero
592 3073 710 3136 nullus
733 3093 769 3137 se
792 3072 951 3137 meminit
974 3071 1156 3135 audivisse.

181 3181 286 3234 (soar).
404 3163 486 3246 Ipso
516 3183 607 3226 anno
638 3161 845 3227 venerabilis
874 3162 926 3224 vir
949 3160 1181 3244 Engelbertus
1205 3159 1420 3225 Coloniensis

298 3252 576 3334 archiepiscopus
601 3271 621 3314 a
645 3251 793 3332 quodam
818 3249 944 3314 comite
969 3249 1143 3314 Friderico
1167 3251 1210 3314 de
1233 3249 1419 3314 Isinbnrcb
1438 3269 1468 3309 so

299 3339 553 3421 consanguineo
578 3359 639 3402 suo
663 3337 906 3402 fraudulenter
936 3340 990 3402 est
1019 3339 1161 3402 occisus.
1209 3338 1421 3403 Interfector

208 3430 414 3492 lassantem
460 3428 680 3510 postmodum
726 3447 747 3489 a
792 3426 925 3490 civibus
964 3425 1107 3491 Oolonie
1153 3429 1420 3511 comprehensus

298 3516 502 3598 crurifragio
525 3516 669 3599 punitus
693 3519 745 3580 est
757 3514 777 3576 ⁷.

297 3652 319 3702 a)
334 3652 390 3696 Anu.
399 3652 554 3691 colmarienses
567 3653 661 3691 ms'norss
670 3652 719 3697 (ss.
728 3652 753 3690 X
754 3652 806 3702 VII,
817 3663 843 3701 p.
854 3651 904 3700 189)
918 3653 947 3691 ad
961 3665 981 3694 a,
992 3652 1043 3692 1221
1057 3652 1115 3700 (zoco
1125 3653 1188 3702 1222)
1200 3657 1316 3693 annotant:
1329 3655 1420 3693 Tartari

297 3706 1201 3808 aaa
1209 3708 1420 3800 sarm
1437 3705 1466 3745 ⁸⁶

680 3771 684 3782 ⁴
1300 3774 1314 3799 η
1332 3773 1391 3800 (imm

297 3813 418 3860 reicioms.
434 3823 502 3860 supra
517 3812 800 3861 aaa.1214.p.et,n.a.
856 3811 977 3864 b)clypsls
991 3824 1009 3854 c.
1066 3813 1087 3864 r)
1102 3814 1420 3863 sumelogarusc.;fortarse

297 3877 382 3905 summe
396 3863 455 3905 sedis
471 3867 593 3914 apostolice
608 3867 695 3912 legatus
709 3866 789 3904 emam.

296 3973 324 4038 1)
349 3973 616 4038 Dachinpis-Khan.
706 3971 734 4041 2)
762 3973 803 4037 Of.
830 3972 1025 4037 ttrrscbmann,
1044 3973 1240 4039 ‘Hunpcrsndte
1261 3977 1299 4024 im
1317 3974 1418 4025 Matel-

296 4043 378 4094 aser’
393 4059 424 4109 p.
445 4046 496 4098 ms
508 4060 564 4109 sqq.
636 4043 664 4110 s)
688 4044 728 4095 m
752 4043 828 4098 ras.
862 4044 902 4099 W.
974 4043 1003 4112 s)
1026 4045 1066 4108 os.
1086 4045 1419 4099 oscarensem
1435 4060 1464 4098 a

295 4131 316 4167 c.
335 4116 371 4167 40
396 4115 457 4178 (SS.
476 4114 589 4179 XXIII,
611 4130 641 4181 p.
659 4116 734 4174 452).
813 4114 842 4183 5)
861 4115 1006 4167 Concilium
1025 4117 1097 4167 Istud
1115 4131 1170 4167 aon
1194 4117 1269 4182 apud
1288 4116 1416 4182 ‘Burpos’

294 4183 456 4250 Hispaniae,
474 4187 519 4236 sed
538 4186 612 4252 apud
626 4184 769 4251 ‘Bourpes’
781 4185 1025 4252 Frarmoyollomm
1042 4189 1173 4238 cioltatem
1190 4187 1351 4239 celebratum
1364 4193 1418 4248 cst:

294 4257 329 4320 cf.
345 4255 449 4322 Hcfcle,
465 4257 765 4322 ‘Concilieapcscbicbte’
780 4256 830 4321 1⁷²,
844 4273 874 4324 p.
888 4259 949 4312 932.
1019 4256 1046 4326 6)
1060 4258 1218 4310 Cardinalis
1231 4259 1362 4310 diaconus
1377 4262 1417 4312 ts.

295 4342 316 4380 s.
330 4328 435 4393 Aspeli.
503 4326 530 4396 7)
549 4327 708 4380 Fridsrscus
720 4329 751 4379 de
764 4328 909 4380 Isinbnrcb
927 4333 1056 4380 ardumno
1073 4331 1143 4380 anni
1155 4331 1231 4384 1226.
1251 4346 1270 4381 c
1281 4330 1418 4382 Baliuino

294 4399 376 4450 milite
393 4399 425 4450 dc
445 4397 554 4463 Gawfic
571 4401 645 4465 apud
663 4399 773 4465 Hoyum
791 4404 893 4466 capus,
914 4399 1113 4452 Colonicncr‘bus
1133 4401 1309 4452 venumdatus
1332 4415 1419 4452 mem
1435 4414 1463 4454 ss

295 4469 438 4520 Novembri
455 4471 485 4521 in
503 4475 566 4520 rota
580 4472 687 4537 positus
704 4474 750 4524 cst.
