3284 5150
499 533 681 590 manns
699 532 990 590 MARBAODNSES.
1269 541 1304 594 31

185 713 274 782 scopis
293 712 415 768 Geroldo
434 711 554 767 Ostiensi
580 716 609 766 et
632 712 784 766 Anshelmo
803 712 936 781 Lucensi3
964 713 1038 767 unde
1065 716 1093 767 et
1119 731 1192 782 papa
1218 714 1306 768 missis
1314 726 1380 764 nera

186 784 282 855 legatis
300 783 469 853 principibus
486 783 566 853 regni
583 783 733 837 declaravit
757 800 786 837 se
810 801 909 853 parum
933 783 1080 852 profecisse
1107 785 1135 838 in
1163 801 1204 854 eo,
1231 785 1306 854 qood

187 857 265 909 illum
292 855 320 908 in
341 855 564 909 communionem
582 855 727 923 receperit,
754 871 818 907 cum
846 871 941 908 omnes
967 854 1117 922 symoniaci
1134 856 1179 909 vel
1197 873 1306 910 excom·

187 926 319 982 manicati
345 943 401 980 non
428 926 518 980 minus
545 930 612 980 tunc
633 925 792 979 foverentur
810 927 845 979 ab
863 942 897 979 eo
915 926 1132 996 quampridem.
1168 926 1221 980 His
1238 944 1306 996 ergo

154 1009 168 1050 o
187 997 286 1051 auditis
329 997 445 1066 rinciper
467 996 547 1066 regni
564 997 686 1067 generali
705 996 842 1065 colloquio
861 996 934 1065 apud
952 997 1098 1051 Foreheim
1115 997 1211 1052 habito
1230 1015 1306 1069 egre-

187 1069 265 1137 gium
282 1014 434 1123 Ridolfum
459 1068 557 1143 ducem
576 1066 697 1121 Suevie
722 1068 774 1121 sibi
798 1067 828 1120 in
852 1085 947 1137 regem
965 1069 1189 1137 sublimaverunt,
1215 1086 1306 1124 anno

187 1140 321 1194 Domini
333 1138 515 1196 MLXXVlI.
531 1138 676 1209 Magumtie
688 1143 898 1194 coronaverunt.
915 1138 1032 1192 Interim
1040 1140 1188 1194 Heinricus
1196 1139 1307 1211 Longo·

189 1211 285 1265 bardie
312 1211 480 1266 morabatur.
526 1208 589 1279 Qui
617 1209 712 1264 audita
737 1211 913 1279 promotione
933 1208 1046 1264 Rddolfi
1077 1211 1209 1264 auxilium
1236 1229 1307 1280 pape

189 1285 285 1336 contra
310 1283 388 1335 illum
416 1281 582 1350 imploravit,
609 1281 675 1335 licet
701 1280 889 1351 supradictum
912 1279 1065 1336 Ostiensem
1093 1283 1252 1352 episcopum
1278 1283 1308 1335 in

143 1365 171 1404 10
189 1352 315 1422 captione
328 1353 417 1406 adhuc
429 1352 518 1406 teneri
535 1351 722 1420 permiserit&
753 1352 836 1408 Unde
852 1356 881 1404 et
897 1370 970 1421 papa
988 1353 1028 1405 illi
1045 1353 1188 1422 respondit
1204 1372 1233 1408 se
1251 1370 1308 1407 non

188 1440 267 1493 posse
299 1425 356 1479 eius
386 1423 601 1492 interpellationi
631 1423 795 1490 satisfecere,
826 1423 957 1492 quamdiu
988 1424 1061 1492 apud
1091 1425 1169 1478 illum
1199 1429 1308 1478 sanctus

188 1495 286 1550 Petrus
310 1496 339 1548 in
364 1496 456 1566 legato
474 1512 523 1549 suo
542 1494 642 1564 ligatus
660 1498 807 1550 teneretur.
845 1493 989 1548 Frustrata
1006 1495 1092 1565 igitur
1109 1496 1309 1565 supplicatione

188 1583 237 1620 sua
263 1567 385 1621 animum
408 1566 437 1619 in
459 1565 634 1634 tyrannidem
652 1565 789 1620 convertit
806 1582 858 1619 nec
881 1566 938 1619 iam
961 1583 1078 1636 regnum
1096 1584 1146 1636 per
1164 1568 1308 1635 iusticiam,

188 1637 236 1692 sod
251 1654 301 1706 per
316 1637 476 1692 violentiam
489 1636 613 1691 obtinere
627 1637 767 1706 cogitavit.
798 1636 923 1690 Eodem
935 1653 1020 1690 anno
1032 1638 1128 1706 Agnes
1140 1638 1308 1706 imperatrix,

144 1719 170 1760 ro
188 1709 244 1763 iem
262 1707 318 1763 XX
337 1709 414 1762 annis
432 1708 461 1761 in
479 1707 614 1761 viduitate
626 1708 684 1762 Deo
704 1707 807 1762 devote
826 1708 946 1761 serviens
964 1725 1015 1762 nec
1033 1707 1091 1762 filio
1110 1726 1158 1762 suo
1176 1709 1308 1762 Heinrico

189 1784 285 1834 contra
303 1779 481 1849 apostolicam
500 1778 593 1834 sedem
611 1780 641 1832 in
659 1779 750 1847 aliquo
769 1779 950 1848 consentiens,
967 1779 1057 1833 Rome
1077 1779 1230 1836 decessit.

294 1867 475 1937 Sequenti
500 1884 591 1921 anno
612 1867 779 1922 Bertboldus
803 1867 862 1921 dux
878 1867 1099 1936 Kerinthiorum,
1123 1865 1177 1938 qui
1200 1867 1232 1921 et
1255 1865 1307 1921 Ze·
1318 1884 1376 1922 Bm
1386 1883 1447 1923 rore.

188 1952 309 2027 ringen,
328 1952 376 2008 vir
394 1951 568 2008 catholicus
588 1954 620 2008 et
637 1950 785 2008 Heinrico
803 1952 996 2008 omnimodis
1015 1953 1200 2021 contrarius,
1223 1959 1308 2014 obiit.
1320 2008 1416 2054 ,1334

296 2035 397 2098 Anno
414 2033 555 2097 Domini
571 2032 832 2097 MLXXVIIII.
865 2033 1107 2098 *Wernberius
1126 2036 1397 2116 secundus,1079·

143 2148 170 2186 ao
189 2115 341 2187 scilicetb
370 2122 634 2204 Argentinensis
665 2122 855 2205 episcopus,
888 2122 990 2200 obiit;
1023 2124 1081 2186 cui
1110 2123 1309 2188 Thebaidos

188 2211 362 2276 successit.

294 2294 379 2348 Anno
406 2291 518 2346 Domini
544 2291 695 2348 Mnxxx.
739 2291 890 2362 Gregorius
923 2311 996 2362 papa
1023 2295 1176 2348 collecta⁰
1200 2294 1349 2362 synodoce.
1360 2308 1420 2348 roso.

189 2365 287 2435 Rome,
306 2382 377 2418 cum
395 2364 500 2418 multa
517 2363 557 2417 de
570 2367 765 2417 statnsancte
780 2364 943 2446 pcclesiae
962 2365 1233 2435 determinasset,
1252 2366 1310 2419 ibi-

189 2437 260 2491 dem
286 2435 449 2506 cognovit
474 2451 533 2504 per
559 2435 708 2503 apostolice
731 2435 802 2489 sedrs
825 2436 939 2502 legatos
958 2453 974 2488 a
992 2435 1169 2490 Theutonicis
1186 2437 1310 2505 partibus

144 2521 170 2560 at
189 2511 404 2562 revertentes
422 2505 534 2562 Rddolli
561 2505 747 2560 obedientiam
773 2509 801 2559 et
826 2506 1042 2560 inobedientiam
1060 2507 1203 2579 Heinrici;
1230 2526 1308 2578 qua·

188 2583 342 2651 propter
367 2580 457 2648 ipsum
481 2578 609 2647 deposuit
634 2596 697 2631 cum
719 2578 847 2631 omnibus
865 2578 920 2631 suis
939 2579 1092 2633 fautoribus
1111 2586 1139 2633 et
1156 2580 1309 2635 Rddolfnm
1319 2631 1337 2668 G
1393 2630 1449 2668 M

189 2652 338 2720 apostolica
362 2650 525 2704 auctoritate
549 2649 577 2702 in
603 2650 681 2719 regia
705 2649 840 2718 dignitate
863 2648 1036 2704 confirmavit
1054 2651 1136 2704 cum¹
1153 2651 1309 2706 huiusmodi
1339 2634 1408 2723 Ὗ),
1450 2657 1456 2670 “

189 2724 305 2790 scripto:
323 2722 410 2774 none
428 2722 499 2775 aare
516 2721 604 2788 Pero,
623 2721 721 2773 Purus
738 2723 864 2773 semema
882 2721 1007 2789 arceo.
1373 2712 1380 2732 '

295 2792 443 2847 Rddolfo
468 2808 547 2861 rege
574 2795 687 2845 creato
712 2790 895 2845 Bertoldus
924 2793 1020 2847 filius
1050 2793 1121 2847 eius
1151 2794 1385 2848 ducatumnern.

145 2877 172 2917 eo
189 2863 390 2917 Alemannie
416 2861 571 2931 accepist

296 2933 409 3003 igitur
432 2932 601 2986 Heinricus³
626 2931 751 2985 audiens
778 2934 996 3001 promotionem
1021 2934 1133 2991 Rddolfi
1157 2936 1187 2989 in
1210 2953 1310 3006 regno

189 3021 253 3074 per
279 3005 478 3073 apostolicum
508 3003 718 3056 confirmatam
749 3005 890 3056 estuari
920 3005 1012 3073 cepit
1038 3006 1157 3075 animo,
1184 3007 1214 3058 si
1244 3024 1310 3075 quo

190 3076 290 3130 modo
314 3075 384 3129 sibi
409 3071 541 3128 aliumd
562 3073 810 3141 apostolicum
829 3092 844 3127 e
863 3091 1040 3129 converso
1059 3078 1230 3132 crearet⁴.
1268 3077 1339 3162 nt,
1430 3129 1435 3139 ,

189 3146 374 3217 congregata⁵
396 3144 572 3199 multitudine
594 3144 810 3197 scismaticorum
834 3146 891 3198 sive
913 3148 1213 3200 excommunicatorum
1238 3148 1312 3217 apud
1327 3129 1457 3221 ¹⁶⁸}“fnd'

146 3232 171 3271 et
189 3218 364 3272 Brixinoram
390 3217 494 3270 curiam
519 3232 648 3285 magnam
671 3215 829 3271 celebravit.
866 3215 923 3270 Ubi
951 3218 1135 3287 conqueritur,
1163 3218 1238 3286 quod
1255 3218 1311 3273 Ro·
1375 3211 1382 3231 ’
1407 3210 1412 3221 '

188 3289 265 3343 mani
276 3289 329 3342 sibi
339 3286 499 3357 pontificem
511 3287 697 3356 prefecissent,
717 3286 777 3355 qui
793 3304 870 3340 eum
886 3304 959 3341 cum
975 3287 1191 3356 quibusdam
1206 3291 1312 3360 regni

188 3360 424 3431 principibus
461 3357 860 3412 excommunicationis
904 3360 1088 3413 sententia
1124 3360 1310 3430 ligaverit,

190 3448 266 3485 cum
290 3448 442 3499 numquam
463 3432 527 3483 ante
551 3429 603 3483 hec
628 3433 755 3497 tempore
779 3429 936 3482 huiusmodi
954 3431 1118 3484 sententiam
1136 3431 1166 3483 in
1190 3449 1310 3503 regem

189 3503 393 3572 promulgatam
411 3500 599 3571 cognoverit,
626 3499 804 3568 adiciens,
831 3500 926 3569 quod
947 3502 1311 3571 epredecessoribus

145 3586 172 3626 4ο
190 3574 264 3627 suis
283 3571 520 3642 imperatoribus
539 3572 610 3625 sive
628 3571 765 3641 regibus
782 3572 875 3640 plures
894 3570 1003 3626 Rome
1027 3573 1230 3642 apostolici
1253 3575 1311 3629 sine

190 3645 324 3699 electione
341 3642 499 3697 intronizati
517 3642 627 3711 fuerint,
656 3646 691 3696 et
718 3641 784 3696 hoc
808 3642 903 3696 idem
928 3644 969 3697 ab
995 3660 1034 3696 eo
1060 3644 1146 3698 fieri
1170 3644 1310 3701 debere.

189 3714 252 3767 Hac
272 3714 440 3797 qugrimonia
459 3714 583 3767 omnium
602 3712 686 3767 animi
704 3729 737 3767 eo
755 3713 864 3767 facilius
882 3718 977 3767 contra
994 3714 1150 3769 Romanam
1185 3717 1312 3771 eclesiam

191 3785 316 3838 inclinari
350 3788 490 3854 poterant,
527 3802 582 3853 quo
619 3788 647 3837 et
682 3783 746 3837 laici
782 3784 911 3838 secularis
946 3786 1058 3839 honoris
1094 3732 1312 3841 consiieratione

191 3856 299 3910 accensi
334 3860 363 3909 et
392 3856 512 3925 episcopi
547 3854 660 3909 consilio
697 3854 861 3909 clericorum
890 3873 1016 3925 suorum,
1054 3857 1151 3925 quibus
1186 3863 1312 3913 recenter

146 4002 173 4043 tt
191 4000 213 4051 a)
231 3998 359 4048 permiserit
374 4009 392 4037 e.
447 3998 470 4050 b)
485 3998 571 4038 scilicet
585 3998 756 4046 Argentlnensls
770 3998 890 4047 episeopus
903 3998 977 4037 eodem
990 4010 1056 4038 manu
1069 4010 1176 4049 merser.
1231 3999 1252 4052 c)
1266 4003 1312 4041 rol·

190 4054 248 4092 lecto
264 4064 281 4094 c.
337 4049 360 4101 d)
374 4052 443 4091 aliurn
457 4053 525 4090 alium
540 4063 558 4093 c.

192 4158 219 4230 1)
239 4175 303 4211 cum
315 4190 351 4198 -
364 4155 437 4213 died.
454 4151 525 4211 th.
545 4173 579 4210 ee
597 4156 700 4211 Οιίοπίε
717 4158 804 4211 Gestis
822 4158 901 4212 Frid.
918 4158 942 4225 I,
960 4174 981 4215 e.
995 4162 1020 4214 7.
1092 4160 1122 4227 2)
1137 4160 1180 4225 Of.
1200 4163 1312 4215 Berroi-

190 4230 256 4283 dmn
273 4230 310 4281 ud
328 4246 353 4284 a.
368 4231 446 4285 1090.
464 4234 488 4281 et
506 4230 586 4293 infra
600 4246 631 4296 p.
643 4232 678 4284 37
697 4230 729 4282 de
740 4228 863 4281 Bertolda’
878 4236 977 4296 morte5
995 4231 1026 4283 de
1044 4232 1163 4285 mcum
1180 4235 1210 4285 in
1222 4235 1312 4285 ducem

190 4302 366 4355 Alemanm'ae
378 4317 404 4356 a.
415 4301 466 4356 107
468 4302 492 4355 9.
502 4301 578 4364 facto
587 4301 623 4364 cf.
633 4301 725 4366 Meyer
732 4317 755 4355 o.
765 4300 894 4368 Knosos,
903 4301 1083 4354 ‘Jahreoeher
1092 4303 1241 4358 Heinricha
1249 4304 1269 4355 I
1272 4305 1312 4360 V!

147 4381 174 4422 oo
191 4373 247 4440 III,
260 4389 291 4439 p.
305 4375 366 4428 199.
437 4372 465 4439 3)
477 4368 625 4425 Heinricus
641 4401 670 4409 -
685 4369 876 4425 confirmatam
894 4374 928 4437 ef.
941 4388 1027 4439 supro
1045 4374 1061 4429 l.
1074 4376 1100 4430 8.
1114 4377 1159 4429 27.
1224 4377 1252 4442 4)
1269 4376 1311 4442 Cf.

193 4442 297 4497 Ouonie
315 4444 395 4496 Gesta
410 4444 489 4497 naa
508 4443 531 4508 I,
549 4459 571 4498 o.
585 4445 614 4498 7:
633 4440 783 4512 Gregorius
802 4484 808 4497 .
829 4484 836 4497 .
856 4481 871 4509 .‚
890 4446 922 4495 ut
940 4443 1025 4496 alium
1043 4449 1176 4512 crearent,
1195 4487 1201 4500 .
1222 4488 1228 4500 .
1248 4445 1311 4498 scri-

190 4513 281 4569 bebat.
354 4518 382 4582 5)
398 4517 566 4583 congregata
579 4544 610 4554 -
625 4512 925 4567 excommunicatorum
942 4530 976 4567 ex
990 4516 1123 4569 Demetrio
1140 4517 1177 4568 ad
1193 4534 1220 4572 u.
1234 4519 1312 4573 1080.
