3284 5150
531 496 713 552 ANNALIIS
731 494 1023 554 maculosas.
1323 499 1341 554 7

326 677 409 730 Anno
437 675 574 730 dominice
601 675 794 729 incarnationis
812 672 1009 729 DOOLVIIII.
1028 672 1163 728 Sanctus¹
1184 673 1415 742 Othmarusffles.

219 748 280 817 qui
307 748 376 802 celle
403 747 491 802 sancti
509 747 582 802 Galli
600 747 706 816 primus
724 747 808 800 abbas
831 746 994 800 constitutus
1011 745 1064 799 XL
1082 746 1160 798 annis
1177 749 1341 814 preerat,

219 818 363 873 aWarino
382 822 410 873 et
428 817 571 873 Rothardo
591 834 722 872 consensu
740 816 856 886 Sydonii
868 815 1133 870 Constantiensis²
1151 816 1272 885 episcopi
1290 817 1340 870 ini·

219 907 272 1015 (ὗεε
299 890 464 959 dampnatus
490 893 518 943 et
545 889 573 942 in
600 889 716 943 insulam
744 887 837 942 Rheni
860 886 959 942 Stein⁸
984 887 1122 958 relegatus
1148 887 1278 957 migravit
1305 887 1341 941 ad

188 978 202 1018 o
245 976 377 1014 ominum.

327 1038 461 1095 Eodem
489 1056 580 1093 anno
604 1038 753 1092 Waifarius
779 1037 953 1106 tyrannidem
980 1037 1009 1091 iu
1027 1038 1178 1106 Aquitania
1203 1039 1340 1107 exercuit;

220 1110 278 1165 cui
304 1111 483 1164 resistens
505 1109 639 1179 Pippinus
663 1127 726 1164 rex
743 1109 920 1164 Wascouiam
945 1126 993 1162 seu
1018 1109 1197 1177 Aquitaniam
1221 1109 1341 1163 invasit

221 1186 249 1236 et
266 1187 278 1235 t
284 1199 460 1251 yrannum
478 1181 576 1236 iniuste
595 1184 725 1250 usurpata
743 1181 793 1234 sub
813 1185 984 1234 sacramento
1002 1180 1119 1235 reddere
1136 1179 1235 1251 coegit.

326 1269 439 1324 Finito⁸
465 1269 631 1339 Aquitanico
658 1270 742 1338 bello,
772 1269 846 1338 quod
875 1286 926 1338 per
956 1268 1100 1323 continuos
1129 1285 1229 1323 novem
1256 1281 1472 1324 annuamus.

176 1360 202 1398 ro
220 1341 375 1412 gerebatur,
402 1341 536 1410 Pippinus
559 1340 669 1398 XVH.⁴
694 1357 772 1394 auno
799 1357 836 1394 re
869 1340 905 1393 ni
931 1341 987 1393 sui
1014 1340 1088 1410 apud
1115 1338 1236 1393 Parisios
1263 1340 1340 1409 obiit,
1349 1355 1415 1394 aaa.

219 1412 409 1482 superstitibus
426 1411 504 1466 filiis
521 1411 627 1466 Karolo
647 1411 777 1484 Magno⁵
796 1415 824 1465 et
841 1359 1041 1480 Xarlomanm,
1066 1411 1102 1465 ad
1122 1428 1190 1480 quos
1207 1412 1340 1466 successio
1349 1427 1414 1466 Μ.

218 1483 298 1554 regui
316 1483 409 1539 divino
426 1487 496 1537 nutu
513 1487 684 1553 pervenerat.
715 1483 816 1537 Franci
834 1483 952 1552 igitur
970 1481 1044 1536 facto
1062 1482 1186 1551 generali
1203 1485 1341 1537 conventu

220 1556 315 1610 ambos
333 1555 386 1609 sibi
403 1571 482 1624 reges
501 1554 672 1610 constituunt
698 1571 729 1608 ea
748 1553 915 1621 conditione,
934 1557 965 1606 ut
983 1557 1073 1607 totum
1091 1554 1170 1624 regni
1189 1570 1287 1623 corpus
1305 1571 1340 1608 ex

220 1643 290 1695 equo
320 1625 496 1695 partirentur.
550 1624 755 1679 Karlomannus
791 1629 855 1694 post
890 1624 1121 1679 amministratum
1157 1625 1341 1680 communiter

176 1714 201 1754 rs
219 1697 331 1752 biennio
349 1715 379 1751 re
418 1715 465 1750 um
483 1697 581 1752 morbo
600 1696 725 1763 decessit,
753 1699 788 1750 et
805 1695 925 1750 Karolus
952 1696 1038 1749 fratre
1058 1696 1188 1750 defuncto
1208 1712 1340 1750 consensu

219 1768 342 1822 omnium
442 1785 537 1823 corum
563 1785 614 1822 rex
640 1767 823 1824 constituitur.
867 1766 934 1836 Qui
959 1766 1169 1837 Hyldegardam
1196 1767 1231 1820 de
1257 1771 1340 1838 gente
1349 1783 1450 1824 aare.

219 1838 382 1894 Swaborum
403 1839 535 1909 precipue
557 1838 709 1894 nobilitatis
731 1839 864 1894 feminam
890 1839 919 1891 in
946 1837 1152 1892 matrimonium
1179 1839 1286 1907 accepit
1313 1841 1341 1892 et

218 1909 294 1965 tres⁶
320 1927 355 1965 ex
382 1927 416 1964 ea
441 1910 512 1964 filios
540 1911 643 1982 genuit,
671 1927 787 1980 quorum
809 1927 879 1963 uuus
897 1910 1049 1964 vocabatur
1065 1910 1178 1963 nominc
1195 1909 1280 1979 patris
1298 1909 1340 1963 sui
1351 1925 1444 1974 man.

219 1980 348 2051 Kambre,
367 1982 438 2035 alter
454 1981 597 2052 Pippinus,
634 1981 662 2035 ui
682 1985 811 2051 postea
830 1980 843 2034 f
848 1984 951 2034 actus
969 1984 1024 2034 est
1041 1997 1091 2035 rex
1108 1998 1191 2050 super
1208 1980 1340 2050 Ytaliam,

175 2069 202 2109 ao
219 2052 320 2106 tercius
338 2069 404 2106 vero
422 2053 573 2106 vocabatur
590 1998 763 2120 deewicus,
780 2051 828 2120 qui
855 2051 869 2104 f
874 2051 949 2105 u⁴it
975 2069 1025 2106 rex
1051 2068 1133 2121 super
1153 2051 1380 2121 Aquitaniamnr.
1391 2067 1438 2111 rso.

220 2121 394 2177 Liberalibus
421 2121 568 2192 disciplinis
596 2127 624 2178 et
650 2123 797 2177 mundanis
817 2123 925 2193 legibus
946 2123 1100 2177 instruebat
1123 2139 1171 2177 eos
1198 2126 1233 2176 et
1258 2122 1484 2182 cum'nsnms.

220 2195 315 2262 primo
332 2197 390 2248 etas
402 2194 571 2264 paciebatur,
588 2210 665 2248 more
676 2193 847 2248 Francorum
859 2194 991 2262 equitare,
1010 2194 1092 2248 armis
1105 2211 1137 2248 ac
1149 2194 1340 2249 venationibus

219 2265 342 2389 {serpen
360 2264 443 2390 fatuit}
471 2264 539 2389 Tlres
557 2265 666 2320 etiam
690 2264 725 2319 de
742 2264 929 2334 Hyldegarda
952 2264 1023 2318 filias
1047 2264 1153 2334 habuit,
1171 2260 1450 2336 Rddrudem,o.a.rs.

245 2340 287 2389 ert
307 2352 386 2389 ame
444 2337 547 2394 issam

175 2440 201 2480 au
325 2423 492 2478 Karolus
516 2423 653 2495 igiturb
680 2441 744 2494 per
770 2422 937 2478 XXXIII
965 2441 1076 2478 annos
1103 2425 1166 2479 sub
1196 2425 1341 2479 nomine

220 2496 319 2565 regis
338 2496 624 2599 circumguaque
644 2495 759 2550 fortia
778 2494 896 2565 gessit
920 2495 1036 2563 bella,
1063 2499 1101 2549 ut
1125 2496 1162 2549 iu
1187 2513 1340 2565 sequen-

220 2566 318 2621 tibus
343 2565 511 2625 dicetur.

326 2655 463 2711 Romam⁹
489 2656 578 2712 venit
603 2660 717 2725 propter
741 2656 917 2711 Ιιεοιιειιι10
939 2673 1059 2726 papam,
1085 2657 1145 2727 qui
1169 2674 1186 2711 a
1208 2657 1415 2716 Romanissm.

220 2725 314 2797 lingua
346 2727 454 2796 precisa
489 2731 523 2781 et
559 2733 728 2781 excecatus
763 2728 792 2781 iu
823 2728 972 2782 Saxoniam
1009 2727 1043 2780 ad
1081 2745 1156 2782 eum
1192 2728 1341 2797 perductus

176 2814 203 2854 so
221 2797 363 2867 fuerat3
394 2798 460 2852 ubi
489 2798 612 2853 Leonem
642 2799 677 2853 de
707 2800 739 2852 ei
768 2799 853 2853 illatis
883 2803 909 2854 et
940 2815 996 2852 uon
1029 2798 1153 2868 probatis
1182 2799 1341 2854 criminibus

221 2873 390 2923 sacramento
408 2872 568 2939 purgatum
593 2869 652 2923 sedi
670 2887 718 2923 sue
738 2870 860 2924 restituit
884 2887 916 2925 ac
940 2870 1143 2924 temerarios0
1165 2869 1242 2924 iuxta
1266 2871 1341 2939 leges

221 2938 360 2993 Romanas
385 2940 495 3009 capitali
522 2941 655 2994 sententie
683 2940 797 3009 addixit,
824 2940 872 2995 sed
899 2942 1028 3010 precibus
1055 2940 1177 2995 eiusdem
1194 2958 1266 3011 pape
1283 2942 1341 2996 vita

222 3026 350 3064 concessa
378 3010 408 3064 in
437 3011 551 3066 exilium
581 3028 627 3065 eos
658 3012 799 3081 relegauit.
854 3011 985 3080 Itaque
1022 3029 1098 3065 cum
1128 3013 1199 3066 tanti
1228 3005 1467 3100 umqaebgjffw·

222 3080 320 3135 famosi
338 3081 390 3136 viri
407 3099 458 3151 per
474 3086 565 3137 totum
583 3082 678 3136 orbem
696 3086 833 3135 terrarum
858 3081 923 3134 fidei
949 3082 1129 3151 probitatisve
1155 3084 1230 3136 fama
1256 3100 1340 3153 per·
1404 3089 1411 3110 '
1434 3087 1440 3100 ⁶

176 3152 331 3221 revolavit,
355 3152 476 3207 Romani
500 3153 720 3222 potentissimum
743 3152 903 3206 Romanum
927 3153 1082 3223 imperium,
1107 3153 1192 3208 immo
1217 3157 1246 3207 et
1269 3170 1341 3223 pape

220 3223 382 3277 electionem
413 3224 485 3277 sibi
514 3224 745 3294 prescripserunt.
797 3222 923 3294 Igitur
951 3225 1079 3294 precibus
1108 3224 1210 3278 beati
1239 3223 1440 3286 Leonisu.r,s.

220 3311 292 3363 pape
320 3298 348 3348 et
373 3295 530 3364 principum
556 3295 636 3365 regni
660 3294 840 3363 omniumque
857 3296 1009 3365 primatum
1027 3294 1192 3367 admonitus,
1211 3299 1269 3350 tam
1288 3295 1340 3350 Dei

221 3382 303 3433 quam
329 3365 473 3419 hominum
500 3366 636 3419 voluntati
663 3366 836 3420 consentiens
862 3383 926 3420 cum
956 3384 1058 3436 magno
1088 3367 1246 3422 universalis
1274 3367 1341 3422 cleri

219 3435 362 3505 plebisque
379 3434 501 3505 tripudio
519 3436 548 3489 in
567 3435 611 3492 die
629 3437 728 3491 natalis
745 3435 851 3492 domini
866 3438 954 3492 nostri
965 3436 1049 3493 Ihesu
1062 3436 1164 3493 Ohristi
1182 3456 1274 3493 anno
1292 3438 1340 3493 iu·

174 3524 202 3562 so
220 3507 448 3562 carnationis
467 3506 545 3561 eius
557 3506 699 3565 DGOOI.¹¹
719 3513 782 3563 ante
800 3509 887 3563 altare
905 3509 980 3564 beati
992 3509 1069 3564 Petri
1087 3511 1205 3580 apostoli
1216 3509 1306 3565 Rome
1324 3526 1341 3562 a

220 3740 242 3790 a)
256 3739 389 3779 Rheuisteiu
402 3751 420 3781 r.
476 3739 499 3789 b)
515 3736 567 3779 dum
578 3744 630 3788 port
643 3741 712 3789 igitur
725 3741 767 3783 del.
824 3740 845 3792 c)
859 3746 1006 3781 temeratores
1019 3741 1123 3787 Bmcid.

220 3953 247 4019 1)
279 3950 327 4003 Ec
356 3953 491 4006 Bernoldo
522 3955 559 4005 cd
589 3970 615 4009 a.
641 3957 701 4010 720.
727 3957 787 4012 759.
896 3953 925 4022 9)
957 3953 999 4019 Of.
1031 3955 1128 4007 stm
1158 3956 1196 4007 ad
1225 3972 1252 4011 c.
1278 3959 1338 4013 746.

219 4024 246 4089 8)
274 4022 378 4076 Abhinc
402 4024 484 4079 Einb.
502 4026 565 4077 Visa
583 4025 687 4078 Korols'
709 4040 730 4080 c.
750 4029 774 4081 3.
865 4025 895 4095 4)
920 4025 961 4090 Of.
981 4024 1144 4079 Bessoldum
1170 4027 1207 4078 ud
1231 4044 1258 4083 a.
1277 4029 1339 4084 752.

218 4093 246 4162 ὃ)
278 4094 319 4160 Of.
351 4094 445 4149 ffldem
476 4096 512 4147 ad
541 4112 566 4151 a.
590 4098 649 4153 768.
758 4096 786 4167 0)
816 4100 874 4151 tres
897 4126 934 4135 -
958 4111 1005 4149 eos
1029 4097 1062 4163 (l.
1086 4100 1136 4164 21)
1160 4114 1193 4152 oc
1218 4099 1341 4165 lberoni

172 4186 199 4225 45
222 4166 285 4218 Vota
302 4165 459 4219 illudowici
482 4182 502 4222 c.
522 4170 540 4222 4
564 4166 625 4234 (SS.
643 4168 685 4235 II,
708 4185 736 4236 p.
755 4170 830 4229 591).
903 4168 931 4234 7)
959 4183 1023 4220 cum
1047 4197 1080 4208 -
1103 4167 1170 4223 fecit
1196 4186 1230 4224 crs
1254 4170 1337 4225 Binis.

224 4236 287 4290 Vsa
313 4237 419 4290 Karols'
444 4253 465 4292 c.
492 4239 534 4293 19.
641 4237 670 4307 8)
701 4239 742 4305 Of.
769 4241 850 4305 basra
872 4256 902 4308 p.
923 4240 966 4304 10,
992 4240 1010 4294 l.
1029 4242 1055 4294 3.
1164 4239 1191 4310 9)
1219 4239 1339 4295 Romam

217 4307 293 4362 venit
317 4312 432 4377 propter
455 4311 489 4374 cf.
515 4308 598 4364 Einb.
623 4326 644 4369 c.
663 4312 706 4366 28.
795 4309 841 4379 10)
866 4308 971 4364 noaino
994 4310 1146 4364 Bernoldua
1170 4313 1208 4364 ud
1231 4328 1257 4368 a.
1277 4314 1338 4368 799.

216 4382 278 4435 800.
297 4382 358 4436 801.
432 4377 477 4447 11)
496 4381 594 4433 Anniae
611 4383 718 4436 incarn.
737 4397 770 4434 aa·
787 4382 932 4435 Bmsoldo.
