3284 5150
327 471 363 526 36
643 464 825 521 Annaeus
843 463 1134 520 messeanam.

250 645 425 769 aeramittpte
442 643 592 712 ordinatus,
610 647 674 711 post
692 645 820 712 quartum
839 659 962 697 mensem
986 643 1028 696 sui
1052 641 1229 711 pontificatus
1254 642 1328 697 diem
1353 644 1459 698 clausit

328 734 364 771 ex
391 731 491 770 amum.

436 794 613 862 Sequenti
657 810 748 847 anno
785 792 876 848 Rome
918 793 1070 847 cardinales
1106 793 1238 847 Ottonem
1274 792 1456 848 Hostiensem

263 925 265 928 ,
328 865 488 935 episcopum
507 865 703 920 ordinaverunt
720 865 800 933 eique
817 881 919 918 nomeu
937 863 1044 918 Urbani
1062 864 1175 918 secundi
1192 864 1360 920 indiderunt.
1396 865 1457 934 Qui

328 937 416 991 missis
443 937 542 990 litteris
572 937 698 992 omnibus
725 935 865 990 catholicis
891 935 992 990 inter
1021 939 1146 989 cetera
1171 936 1287 1006 vestigia
1313 953 1456 991 suorum
1478 957 1499 996 5

328 1007 566 1078 predecessorum
594 1006 721 1079 Gregorii
748 1011 783 1061 et
805 1005 976 1061 Victoris
1004 1007 1039 1059 in
1066 1005 1283 1061 Heinricnm
1311 1011 1346 1062 et
1372 1008 1456 1061 eius

328 1079 498 1133 fautores
516 1095 544 1132 se
563 1079 770 1133 observaturum
792 1077 975 1132 denunciavit.
1012 1076 1146 1131 Eodem
1164 1095 1256 1131 anno
1273 1076 1456 1132 Hermannus

327 1167 378 1204 rex
395 1149 546 1204 catholicus
564 1151 592 1203 in
611 1148 792 1218 Lothariugia
810 1148 906 1202 obiit
924 1164 996 1202 anno
1014 1148 1093 1218 regui
1111 1149 1169 1202 eius
1181 1147 1249 1206 VH.
1269 1153 1298 1202 et
1314 1150 1345 1202 in
1361 1150 1456 1218 patria

328 1237 377 1275 sua
395 1219 545 1276 honorifice
563 1221 701 1289 sepelitur.

435 1309 519 1362 Anno
537 1308 650 1363 Domini
667 1305 911 1363 MLXXXVIIH.
948 1306 1078 1361 Urbanus
1102 1324 1175 1377 papa
1196 1306 1361 1363 Gebehardo
1380 1307 1455 1361 Gon·
1475 1329 1509 1367 so

329 1379 472 1434 stautiensi
498 1383 526 1433 et
550 1379 702 1433 Altmanno
727 1378 885 1432 Pataviensi
910 1380 1039 1446 episcopo
1063 1379 1093 1431 in
1117 1378 1292 1447 Alemannis,
1317 1377 1454 1447 Baesuris,

329 1449 450 1505 Saxonis
480 1454 509 1504 et
538 1451 574 1503 in
605 1451 664 1504 aliis
691 1449 788 1504 vicinis
814 1449 974 1518 regionibus
1002 1449 1089 1502 vicem
1119 1466 1197 1503 suam
1225 1450 1371 1506 commisit
1415 1449 1455 1503 ln

330 1521 489 1576 Teutonicis
513 1538 664 1590 namque
683 1522 807 1590 partibus
833 1519 992 1588 quinque
1017 1520 1138 1589 episcopi
1162 1521 1191 1573 in
1217 1520 1353 1574 catholica
1377 1538 1455 1575 oom-

330 1594 460 1648 munione
497 1610 536 1647 eo
572 1596 737 1662 tempore
771 1591 965 1661 perstiterunt,
1002 1591 1131 1645 videlicet
1159 1591 1454 1662 W[irze]burgensis⁸‚

328 1663 506 1733 Pataviensis,
528 1662 749 1730 wormaciensis,
777 1661 992 1715 constantiensis
1018 1666 1047 1715 et
1074 1661 1215 1731 Maiensis,
1242 1680 1360 1731 quornm
1386 1680 1453 1717 con·
1476 1682 1505 1721 ιε

329 1734 496 1789 fortumento
515 1735 614 1803 reliqui
632 1733 760 1788 catholici
778 1732 936 1786 scismaticis
948 1749 965 1785 a
976 1732 1112 1802 principio
1123 1734 1291 1790 restiterunt.
1317 1734 1453 1789 Eodem

330 1823 421 1859 anno
441 1805 526 1874 Hugo
547 1821 639 1858 comes
663 1804 698 1857 de
716 1803 892 1873 Egensheim,
912 1802 1063 1857 indefessus
1083 1804 1162 1856 miles
1186 1806 1274 1858 sancti
1294 1804 1378 1873 Petri,
1403 1805 1454 1859 sed

329 1874 445 1929 nimium
464 1875 590 1929 credulus
609 1874 738 1929 Ottoni
750 1874 1019 1944 Argentinensi
1036 1874 1280 1945 pseudoepiscopo,
1298 1892 1316 1929 a
1332 1876 1451 1931 servien-

240 1964 402 2022 luentibus
428 1963 550 2018 eiusdem
575 1963 695 2032 episcopi
717 1951 914 2015 Haselahe¹
938 1962 1074 2016 occiditur
1097 1962 1127 2016 in
1152 1963 1279 2018 cubiculo
1304 1981 1368 2018 cum
1391 1965 1452 2034 ipso

330 2034 366 2088 ad
395 2034 588 2088 dormiendum
619 2035 775 2089 collocatus.
824 2033 956 2089 Eodem
986 2051 1077 2087 anno
1108 2034 1278 2089 nobilissima
1307 2035 1452 2089 Methildis
1472 2054 1504 2092 so

330 2105 598 2160 marchionissa
621 2104 771 2174 Welphoni
799 2103 869 2174 duci,
896 2103 954 2158 filio
977 2104 1139 2174 Welphonis
1167 2106 1244 2160 ducis
1273 2104 1451 2176 [Baw1a1ieb‚

328 2177 459 2303 titii?
478 2175 1451 2318 {titlttz'rtltti‘tffittntittst'tittilrtttt

330 2323 426 2373 contra
444 2266 653 2373 siismaticos
671 2322 764 2388 posset
781 2287 967 2388 enituerit-0⁸.
1004 2316 1046 2372 De
1062 2319 1159 2388 quoe]
1177 2265 1451 2374 Hemieuicomni-

330 2390 445 2443 modis
472 2390 644 2444 indoluit.
685 2388 770 2457 ipso
796 2405 888 2442 anno
907 2387 1035 2442 Urbanus
1052 2406 1125 2458 papa
1142 2391 1298 2460 generalem
1317 2390 1451 2458 synodum
1470 2408 1500 2446 m

221 2469 252 2518 η.
263 2471 319 2512 1⁸5¹.
331 2461 443 2530 collegit
461 2465 488 2514 et
513 2459 738 2530 [ecclesiasticae
761 2459 883 2529 [sta]tuta
907 2461 1037 2513 *suornm
1060 2459 1283 2528 predecessorum
1302 2460 1452 2530 apostolica

331 2531 495 2586 auctoritate
512 2531 639 2587 firmavit.
671 2529 827 2585 Gwibertus
846 2533 938 2585 autem
956 2529 1142 2585 heresiarches
1160 2531 1322 2587 aRomanis
1333 2532 1451 2602 turpiter

330 2602 479 2671 expellitur
496 2606 532 2671 et,
550 2618 585 2655 ne
604 2600 721 2669 amplius
740 2601 918 2669 apostolicam
936 2602 1030 2656 sedem
1048 2602 1178 2657 invadere
1201 2608 1351 2673 presumat,
1376 2606 1449 2657 iura·

329 2678 424 2727 mento
454 2675 615 2742 promittere
645 2672 827 2741 compellitur.
883 2672 983 2726 Adeo
1019 2690 1170 2743 namque
1207 2674 1337 2728 diuturna
1370 2675 1450 2746 regni

331 2744 467 2798 discordia
486 2744 558 2797 inter
577 2743 724 2797 catholicos
743 2747 772 2797 et
796 2742 963 2798 scismaticos
987 2748 1126 2814 tepescere
1151 2744 1233 2814 cepit,
1258 2748 1290 2799 ut
1313 2763 1370 2800 non
1393 2746 1449 2799 iam
1467 2762 1499 2803 so

329 2816 434 2870 bellum
460 2814 494 2869 ad
521 2814 647 2882 invicem,
673 2814 721 2867 sed
745 2830 842 2882 pacem
868 2831 1033 2883 componere
1058 2816 1148 2869 sanius
1173 2815 1333 2874 iudicarent.
1377 2816 1449 2887 Qua·

329 2890 443 2956 propter
460 2885 564 2954 Welph
589 2886 646 2939 dux
669 2884 813 2939 Bawsrie²
838 2889 873 2939 et
900 2887 1018 2940 ceteri
1045 2885 1138 2941 fideles
1166 2887 1254 2941 sancti
1281 2887 1359 2941 Petri
1386 2905 1449 2941 cum

327 2957 461 3012 Heinrico
480 2957 647 3026 colloquium
666 2957 821 3010 habuerunt
839 2957 919 3025 eique
937 2974 1017 3011 suum
1035 2958 1179 3011 consilium
1204 2961 1233 3013 et
1257 2958 1389 3012 auxilium
1415 2958 1449 3011 ad

329 3028 508 3084 obtinendum
533 3046 648 3099 reguum
673 3028 828 3082 firmissime
852 3029 1045 3097 promiserunt,
1072 3028 1275 3083 siGwibertus
1301 3029 1443 3083 heresimc

328 3101 412 3155 vellet
437 3100 576 3154 dimittere
603 3104 630 3153 et
655 3099 690 3152 ad
715 3099 927 3173 ecclesiasticam
953 3099 1175 3153 communionem
1201 3117 1338 3169 remeare3
1367 3117 1449 3170 quam
1466 3115 1495 3155 su

329 3171 515 3226 conditionem
533 3188 584 3225 nec
602 3170 660 3240 ipse
679 3171 797 3224 multum
815 3172 965 3237 respueret,
990 3169 1014 3223 si
1032 3170 1172 3224 tamenin
1190 3170 1243 3225 hoc
1262 3171 1288 3224 ei
1312 3172 1448 3240 principes

328 3242 371 3296 sui
389 3243 518 3295 assentire
536 3242 645 3310 vellent,
659 3240 787 3293 videlicet
806 3240 927 3308 episcopi
939 3239 1028 3306 quise
1040 3257 1105 3306 cum
1117 3240 1259 3295 Gwiberto
1272 3241 1449 3311 deponendos

329 3329 386 3366 esse
410 3329 466 3365 non
491 3311 697 3379 dubitaverunt,
723 3326 756 3363 eo
782 3309 856 3377 quod
881 3311 910 3363 iu
935 3310 993 3363 eius
1018 3315 1098 3380 parte
1123 3312 1336 3381 ordinationem,
1364 3314 1448 3367 immo

329 3383 532 3437 execrationem
558 3383 749 3450 perceperunt,
794 3379 845 3433 Hii
872 3380 898 3433 ei
924 3381 1035 3450 penitus
1062 3382 1260 3452 dissuaserunt,
1293 3401 1329 3438 ne
1356 3388 1449 3437 sancte

328 3452 460 3529 ecclesiae
477 3452 708 3507 reconciliaretur.
1465 3470 1494 3509 ω

1131 3544 1153 3589 Ι

327 3651 350 3697 a)
364 3659 425 3688 vocae
438 3652 457 3687 et
471 3648 553 3687 interm
567 3648 647 3687 deletas
661 3657 687 3686 err
700 3647 765 3687 Beris.
780 3648 852 3697 suppl.
907 3648 931 3700 b)
945 3652 997 3687 sota
1010 3649 1141 3696 maralaals's
1154 3660 1209 3689 aces.
1220 3650 1246 3688 X
1249 3650 1277 3690 V.-
1291 3652 1372 3690 eoniux
1386 3651 1448 3690 ducis

327 3704 460 3743 Noricorum
465 3713 471 3753 5
486 3712 514 3741 ea
527 3702 586 3749 salsa
600 3701 722 3739 mimante
735 3701 835 3740 lectione:
849 3698 886 3740 die
900 3712 918 3740 s.
933 3701 1005 3741 Marie
1014 3703 1090 3749 potina
1103 3703 1207 3742 Bawarie
1222 3704 1323 3746 counias.
1378 3705 1400 3757 e)
1417 3704 1448 3742 sar

332 3756 443 3796 Wllmans.
498 3756 521 3804 d)
535 3754 675 3796 Gwibertum
688 3754 856 3795 heresiarcham
869 3754 999 3795 Beracldua.

328 3932 354 4003 1)
380 3933 469 3985 Locus
494 3932 639 3997 hmnicidii,
664 3931 695 3983 de
719 3946 771 3998 quo
796 3931 973 3997 Grandidier,
994 3930 1117 3984 ‘Oeuvree
1140 3932 1303 4001 historiques
1328 3934 1447 3987 ineditas

326 4004 366 4069 II,
381 4020 411 4069 p.
428 4005 487 4058 144.
506 4004 566 4069 epit,
587 4002 655 4054 alibi
670 4018 725 4055 nors
743 4003 866 4054 traditur
883 4004 940 4054 nisi
957 4004 1032 4070 apud
1048 4002 1197 4056 Iohanmm
1214 4005 1246 4057 de
1263 4005 1384 4072 Bayono,
1402 4008 1448 4072 qni
1462 4019 1491 4059 so

326 4077 357 4126 in
376 4074 506 4126 Chronico
522 4073 645 4126 Medinat
663 4075 820 4125 mosanarii
844 4074 1014 4141 (Bellromme7
1033 4075 1215 4141 Antiquitates
1239 4080 1335 4129 montis
1354 4078 1448 4143 Vopesi

322 4162 353 4212 p.
366 4145 432 4203 265)
451 4144 533 4195 heum
551 4146 653 4197 indicat
669 4144 699 4195 in
717 4143 849 4197 suburbio
868 4143 1038 4211 Argentinae
1057 4145 1132 4213 quod
1150 4162 1275 4199 sermone
1294 4146 1446 4201 accolarum

326 4214 449 4268 Helleim
485 4218 607 4271 vocatur.
663 4216 835 4268 Chronmtam
869 4220 991 4267 nostrum
1019 4215 1121 4269 breuem
1149 4220 1274 4269 notitiam
1303 4220 1335 4270 de
1365 4223 1447 4271 morte

325 4286 451 4353 Hupons's
476 4289 579 4338 comitia
605 4288 636 4338 s'n
663 4286 817 4338 Annalibus
843 4287 1032 4352 imperialibus
1055 4289 1198 4354 Arpmts'n.
1227 4290 1355 4343 incensare
1381 4292 1447 4343 satis

326 4358 468 4411 consimile
485 4363 540 4419 est,·
560 4358 595 4421 of.
614 4359 833 4410 commentarium
852 4372 944 4411 meum.
1027 4357 1055 4425 2)
1071 4357 1175 4427 Welph
1193 4357 1250 4411 dux
1267 4358 1393 4413 Bswarie
1413 4363 1445 4426 cf.
1462 4374 1489 4414 oo

326 4430 492 4481 Besnoldum
511 4430 555 4485 ad.
574 4444 599 4483 a.
620 4430 697 4484 1091.
