3284 5150
300 496 335 551 94
615 489 797 546 ANNALES
816 489 1106 548 MARBAOENSES.

212 682 290 737 1231.
301 696 450 741 errorem
473 675 653 739 mittentes
677 696 761 758 quos
792 677 955 759 poterant
985 674 1028 738 de
1058 672 1213 759 ecclesia.
1267 672 1420 751 Quorum

301 765 416 850 plnres
441 765 679 847 comprehensi
702 765 738 826 in
762 764 937 848 presentia
960 762 1044 827 cleri
1068 765 1104 827 et
1128 761 1248 846 populi
1272 762 1421 826 convicti

300 856 454 917 fuerunt.
513 853 559 917 111
592 853 685 917 iuter
719 857 835 917 cetera
869 852 1013 916 nefandi
1042 851 1166 915 erroris
1200 851 1255 914 sui
1284 850 1422 933 flagicia

300 942 449 1006 confessi
464 946 555 1019 sunt,
569 943 661 1024 quod
678 942 782 1005 etiam
799 941 843 1005 ab
859 960 920 1004 esu
936 940 1090 1003 carnium
1106 940 1144 1002 in
1159 939 1422 1022 quadragesima

300 1052 369 1094 non
393 1030 618 1107 abstinerent,
643 1033 679 1095 et
702 1030 794 1113 qnod
818 1028 1003 1093 annualem
1028 1049 1168 1093 censum
1183 1028 1454 1093 transmitteres

300 1119 459 1185 solebant
474 1118 721 1195 Mediolanum,
735 1118 796 1182 ubi
812 1119 1023 1182 diversarum
1039 1117 1200 1181 heresum
1215 1123 1252 1181 91
1267 1137 1422 1181 errorum

300 1210 469 1292 primatus
492 1207 670 1291 agebatur.

212 1305 290 1358 1230.
407 1296 489 1379 Ipso
527 1295 704 1380 tempore1
743 1295 921 1379 Lirpoldus
960 1295 1030 1357 dux
1067 1295 1225 1371 Austris,
1268 1294 1320 1357 vir
1360 1304 1423 1379 per'

179 1408 236 1457 (na.
246 1410 289 1457 aa).
301 1386 417 1449 omnia
440 1384 641 1461 catholicus,
666 1387 745 1468 post
768 1383 880 1447 multa
902 1384 1073 1448 virtutum
1100 1404 1241 1446 suarum
1270 1384 1423 1465 insignia

301 1478 336 1538 et
358 1475 541 1557 impensas,
566 1493 651 1555 quas
675 1473 767 1556 apud
791 1473 988 1536 Damiatam
1014 1493 1092 1536 cum
1123 1472 1200 1535 aliis
1231 1473 1422 1555 peregrinis
1441 1494 1470 1533 ro

301 1563 435 1646 peregit
444 1564 465 1640 ²,
489 1563 527 1625 in
550 1561 670 1626 Ytalia
694 1582 836 1646 peregre
861 1562 1047 1626 defunctus
1070 1560 1169 1625 obiit.

212 1660 290 1713 1231.
407 1651 537 1716 Eodem
568 1671 659 1715 anno
690 1649 892 1715 Lirdewicus
927 1650 997 1714 dux
1027 1650 1181 1714 Bawarie
1214 1650 1422 1715 interfectus

165 1765 235 1813 (999.
245 1764 288 1814 15).
300 1740 388 1805 obiit
398 1741 419 1801 ³.
468 1740 549 1803 Fuit
574 1744 691 1804 autem
721 1740 907 1803 transfixus
938 1738 1081 1803 cultello
1112 1742 1286 1823 preacuto,
1318 1759 1421 1822 quem

300 1850 361 1893 nos
396 1848 576 1913 possumus
607 1828 783 1914 appellare
817 1830 933 1904 sicam,
965 1849 986 1891 a
1015 1828 1163 1910 quadam
1194 1847 1348 1912 persona,
1379 1833 1422 1892 ut

301 1918 490 1995 dicebatur,
521 1917 582 1981 vili
613 1923 648 1982 et
682 1918 812 2001 ignota,
844 1917 963 1999 quales
993 1918 1131 1981 mittere
1161 1916 1250 1980 solet
1279 1918 1422 1999 quidam
1442 1937 1470 1977 rs

300 2010 422 2089 potens
453 2006 512 2089 qui
542 2007 671 2070 dicitur
704 2025 807 2069 senex
842 2006 885 2070 de
915 2005 1107 2069 Montania.
1165 2003 1421 2088 Comprehenso

261 2168 267 2178 „
300 2098 417 2159 antem
451 2096 692 2171 interfectore,
733 2115 810 2158 cum
851 2094 970 2158 multis
1004 2093 1183 2178 suppliciis
1217 2098 1421 2177 torquerent

300 2205 378 2249 eum
413 2186 450 2247 et
484 2187 647 2267 cogerent
676 2184 721 2247 ad
751 2183 1004 2260 confitendum,
1037 2184 1136 2247 cuius
1164 2183 1335 2247 instinctu
1364 2184 1421 2247 vel

299 2274 394 2335 iussn
423 2275 561 2336 tantum
592 2273 727 2336 facinus
758 2274 967 2356 attemptare
998 2272 1277 2355 presumpsisset,
1311 2271 1421 2336 nichil

300 2362 342 2425 ab
367 2381 407 2424 eo
431 2363 593 2445 poterant
617 2365 855 2446 extorquere⁸,
884 2364 920 2425 et
949 2361 999 2425 sic
1028 2381 1091 2444 per
1121 2362 1237 2425 omnia
1267 2362 1421 2425 membra
1440 2382 1469 2421 ao

300 2450 450 2513 laniatus
474 2453 510 2513 91
534 2450 725 2532 discerptus
749 2450 864 2533 periit.

210 2550 288 2603 1232.
406 2540 509 2602 Anno
529 2536 778 2601 MOOXXXII.
820 2537 988 2621 Magister
1002 2537 1211 2603 Wilhelmus
1234 2538 1420 2604 canonicus

301 2629 343 2692 de
367 2627 495 2712 oppido
511 2627 764 2704 Nirwenburoh,
789 2627 881 2709 quod
905 2629 1018 2691 estin
1042 2629 1178 2712 dyocesi
1193 2627 1419 2706 Lausnnensi,

299 2717 352 2779 vir
383 2715 493 2779 multe
528 2715 738 2779 abstinentie
773 2736 964 2799 magneque
994 2717 1206 2793 sanctitatis,
1239 2718 1354 2780 adhuc
1383 2718 1420 2779 in

299 2805 373 2867 vita
396 2805 523 2888 degens
546 2824 611 2869 nec
635 2804 748 2868 minus
771 2808 850 2888 post
879 2808 1026 2869 mortem
1055 2803 1231 2870 miraculis
1262 2805 1468 2869 9191911199

212 2904 289 2958 1231.
407 2893 488 2978 Ipso
513 2912 603 2957 anno
621 2893 814 2957 Fridericus
830 2895 1019 2977 imperator
1033 2894 1174 2958 veniens
1192 2895 1229 2957 in
1243 2893 1421 2958 Ytaliam⁵

209 3009 290 3058 (99.)
301 2982 504 3066 aliquandiu
528 2983 620 3067 apud
636 2982 835 3046 Ravennam
852 2986 1084 3047 commoratus
1099 2987 1162 3047 est.
1195 2983 1421 3047 Postmodum

212 3082 289 3135 1232.
301 3073 468 3137 accedens
498 3071 543 3134 ad
573 3074 688 3155 partes
712 3070 917 3154 Aquilegie⁶
947 3071 1125 3135 mandavit
1155 3072 1227 3135 filio
1255 3092 1316 3136 suo
1345 3072 1421 3154 regi

301 3161 476 3238 Heinrico,
500 3163 542 3224 ut
569 3161 635 3224 sibi
664 3160 700 3223 in
731 3180 912 3224 occursum
941 3161 1084 3224 veniret.
1132 3160 1200 3224 Ubi
1231 3162 1314 3224 dum
1344 3181 1420 3224 con-

211 3276 289 3326 (aar.)
300 3251 484 3326 venissent,
509 3252 659 3312 tractare
683 3251 850 3332 ceperunt
873 3249 916 3312 de
943 3251 1039 3312 statu
1067 3250 1167 3332 regni
1198 3253 1232 3313 et
1263 3250 1306 3313 de
1336 3270 1420 3333 pace
1440 3271 1469 3310 99

245 3418 258 3456 1
274 3419 282 3456 l
299 3337 530 3402 reformanda.

259 3429 273 3456 u
284 3446 289 3458 ι

232 3472 290 3520 m,
408 3427 489 3509 Ipso
512 3428 667 3509 tempore
691 3447 753 3510 per
774 3428 891 3489 totum
914 3425 1045 3488 Iulium
1068 3430 1103 3490 et
1126 3427 1325 3509 Augustum
1349 3447 1421 3510 per·

301 3516 429 3577 mansit
456 3514 621 3576 continua
650 3515 787 3578 siccitas
819 3518 854 3578 et
884 3518 979 3578 estus
1008 3515 1150 3591 multus,
1180 3517 1232 3579 ita
1261 3516 1354 3598 quod
1383 3517 1421 3578 in

300 3604 385 3666 locis
409 3602 585 3666 harenosis
608 3623 673 3667 ova
697 3607 861 3687 congesto
884 3603 1006 3666 sabulo
1028 3605 1191 3688 imposita
1214 3608 1293 3687 post
1316 3604 1421 3668 modi·

301 3713 379 3756 cum
402 3690 611 3756 tollerentur
633 3695 757 3756 assata.
1439 3713 1467 3753 aa

301 3829 323 3880 9)
336 3829 368 3868 ita
381 3840 399 3868 9.

302 3937 329 4003 1)
348 3936 500 4002 1919991999
517 3937 573 3986 iam
591 3935 633 3986 die
644 3937 687 3990 28.
700 3935 769 3986 Iulii
779 3953 804 3990 9.
819 3939 897 3991 1230.
915 3937 989 4002 aptcd
1001 3937 1027 3990 S.
1042 3939 1206 3989 (1999999999
1221 3943 1344 3990 mortum
1355 3943 1420 3992 9991.

301 4005 432 4074 Princeps
459 4005 610 4058 catholicus
636 4021 686 4073 per
714 4007 807 4058 omnia
833 4008 863 4058 in
892 4008 993 4060 Olivcri
1017 4008 1143 4060 Historro
1166 4010 1330 4061 Damiatino
1357 4024 1378 4062 9.
1406 4011 1419 4062 1

301 4079 352 4142 (cd.
371 4076 531 4142 Hoopcwcp)
555 4079 720 4131 nominatur.
811 4077 839 4146 2)
866 4079 909 4143 Os.
934 4095 1022 4145 supro
1042 4097 1072 4146 p.
1091 4081 1135 4134 87.
1160 4081 1197 4131 ad
1221 4082 1421 4135 9999991218.

301 4149 329 4213 3)
361 4148 402 4213 Cf.
428 4147 617 4199 Wiakelmann
641 4150 671 4199 in
696 4148 891 4213 ί11111199199999
915 4150 959 4201 des
983 4150 1110 4202 1991ιῖ919
1136 4151 1187 4215 sar
1209 4151 1468 4204 arimathaeam

303 4218 618 4284 Geschichtsforscbunp'
636 4219 667 4270 X
670 4219 731 4285 VII,
752 4235 782 4285 p.
800 4221 836 4274 48
848 4235 904 4287 sqq.
926 4227 949 4272 91
968 4222 1121 4274 ‘Friedrich
1139 4222 1188 4277 Il!
1208 4222 1247 4288 II,
1268 4239 1298 4288 p.
1317 4225 1422 4288 25499.

301 4289 329 4359 4)
350 4289 390 4354 1).
412 4289 561 4341 Circaeon
578 4289 696 4342 11119199·
713 4291 749 4342 ad
768 4307 793 4345 9.
812 4293 880 4345 1231
899 4291 960 4356 (SS.
972 4293 1084 4357 XXIII,
1099 4310 1128 4360 p.
1143 4295 1216 4351 929).
1288 4294 1423 4359 blisense

300 4360 446 4412 Novembri
469 4378 495 4412 9.
515 4363 592 4416 1231.
615 4363 762 4428 imperator
780 4379 813 4414 99
834 4376 917 4427 regno
934 4363 1042 4415 Siciliae
1059 4365 1097 4415 od
1113 4366 1220 4415 curiam
1237 4365 1422 4416 9999999999

302 4433 458 4484 Ravennam
482 4447 510 4483 sc
533 4434 652 4487 contulit.
752 4435 779 4498 6)
810 4433 900 4485 1119999
923 4434 1028 4486 Martio
1054 4451 1079 4488 9.
1106 4437 1191 4502 12323
1218 4451 1304 4488 mense
1328 4435 1424 4504 Aprili

302 4502 448 4556 Heinricua
465 4519 515 4556 999
527 4504 696 4571 Aquilcpiam
713 4507 790 4570 venit,
809 4505 879 4557 9999
896 4507 975 4556 curia
986 4505 1060 4573 apud
1072 4506 1210 4558 Civitatem
1225 4507 1364 4559 translata
1376 4511 1421 4561 991.
1439 4517 1468 4557 so
