<?xml version="1.0" encoding="UTF-8"?>
<!DOCTYPE html PUBLIC "-//W3C//DTD XHTML 1.0 Transitional//EN"
    "http://www.w3.org/TR/xhtml1/DTD/xhtml1-transitional.dtd">
<html xmlns="http://www.w3.org/1999/xhtml" xml:lang="en" lang="en">
 <head>
  <title>
</title>
<meta http-equiv="Content-Type" content="text/html;charset=utf-8" />
  <meta name='ocr-system' content='tesseract 3.04.00' />
  <meta name='ocr-capabilities' content='ocr_page ocr_carea ocr_par ocr_line ocrx_word'/>
</head>
<body>
  <div class='ocr_page' id='page_1' title='image "./annalesmarbacen00frangoog_0081.png"; bbox 0 0 3284 5150; ppageno 0'>
   <div class='ocr_carea' id='block_1_1' title="bbox 522 518 1329 578">
    <p class='ocr_par' dir='ltr' id='par_1_1' title="bbox 522 518 1329 578">
     <span class='ocr_line' id='line_1_1' title="bbox 522 518 1329 578; baseline 0.005 -4"><span class='ocrx_word' id='word_1_1' title='bbox 522 518 703 574; x_wconf 77' lang='lat' dir='ltr'><strong>ANNALns</strong></span> <span class='ocrx_word' id='word_1_2' title='bbox 722 518 1014 576; x_wconf 77' lang='lat' dir='ltr'><strong>MARBAOENSES.</strong></span> <span class='ocrx_word' id='word_1_3' title='bbox 1293 522 1329 578; x_wconf 78' lang='lat'><strong>53</strong></span> 
     </span>
    </p>
   </div>
   <div class='ocr_carea' id='block_1_2' title="bbox 94 702 1471 3093">
    <p class='ocr_par' dir='ltr' id='par_1_2' title="bbox 208 702 1433 963">
     <span class='ocr_line' id='line_1_2' title="bbox 208 702 1433 787; baseline -0.002 -20"><span class='ocrx_word' id='word_1_4' title='bbox 208 704 369 787; x_wconf 88' lang='lat' dir='ltr'><strong>episeopo</strong></span> <span class='ocrx_word' id='word_1_5' title='bbox 404 723 482 766; x_wconf 93' lang='lat' dir='ltr'><strong>cum</strong></span> <span class='ocrx_word' id='word_1_6' title='bbox 518 723 644 785; x_wconf 83' lang='lat' dir='ltr'><strong>magna</strong></span> <span class='ocrx_word' id='word_1_7' title='bbox 678 703 889 768; x_wconf 82' lang='lat' dir='ltr'><strong>difficultate</strong></span> <span class='ocrx_word' id='word_1_8' title='bbox 919 707 1140 768; x_wconf 88' lang='lat' dir='ltr'><strong>consecratur</strong></span> <span class='ocrx_word' id='word_1_9' title='bbox 1169 703 1206 766; x_wconf 91' lang='lat' dir='ltr'><strong>in</strong></span> <span class='ocrx_word' id='word_1_10' title='bbox 1236 702 1433 768; x_wconf 41' lang='lat' dir='ltr'><strong>testones..</strong></span> 
     </span>
     <span class='ocr_line' id='line_1_3' title="bbox 209 791 1429 875; baseline 0.002 -19"><span class='ocrx_word' id='word_1_11' title='bbox 209 791 321 856; x_wconf 91' lang='lat' dir='ltr'><strong>sancti</strong></span> <span class='ocrx_word' id='word_1_12' title='bbox 336 791 456 856; x_wconf 88' lang='lat' dir='ltr'><strong>Iacobi</strong></span> <span class='ocrx_word' id='word_1_13' title='bbox 480 791 638 875; x_wconf 89' lang='lat' dir='ltr'><strong>apostoli.</strong></span> <span class='ocrx_word' id='word_1_14' title='bbox 670 791 798 856; x_wconf 90' lang='lat' dir='ltr'><strong>Vinum</strong></span> <span class='ocrx_word' id='word_1_15' title='bbox 823 791 973 854; x_wconf 89' lang='lat' dir='ltr'><strong>multum</strong></span> <span class='ocrx_word' id='word_1_16' title='bbox 995 795 1031 856; x_wconf 90' lang='lat' dir='ltr'><strong>et</strong></span> <span class='ocrx_word' id='word_1_17' title='bbox 1054 792 1199 870; x_wconf 89' lang='lat' dir='ltr'><strong>bonum;</strong></span> <span class='ocrx_word' id='word_1_18' title='bbox 1224 791 1382 857; x_wconf 81' lang='lat' dir='ltr'><strong>hamera.</strong></span> <span class='ocrx_word' id='word_1_19' title='bbox 1396 816 1429 858; x_wconf 81' lang='lat' dir='ltr'><strong>a.</strong></span> 
     </span>
     <span class='ocr_line' id='line_1_4' title="bbox 209 879 1094 963; baseline -0.003 -18"><span class='ocrx_word' id='word_1_20' title='bbox 209 879 423 945; x_wconf 71' lang='lat' dir='ltr'>vendebatur</span> <span class='ocrx_word' id='word_1_21' title='bbox 446 900 508 963; x_wconf 92' lang='lat' dir='ltr'><strong>pro</strong></span> <span class='ocrx_word' id='word_1_22' title='bbox 524 879 576 943; x_wconf 84' lang='lat' dir='ltr'><strong>VI</strong></span> <span class='ocrx_word' id='word_1_23' title='bbox 599 881 748 944; x_wconf 89' lang='lat' dir='ltr'><strong>denariis</strong></span> <span class='ocrx_word' id='word_1_24' title='bbox 773 881 1094 962; x_wconf 83' lang='lat' dir='ltr'><strong>Argentinensibus.</strong></span> 
     </span>
    </p>

    <p class='ocr_par' dir='ltr' id='par_1_3' title="bbox 315 949 1460 1069">
     <span class='ocr_line' id='line_1_5' title="bbox 315 949 1460 1069; baseline 0.003 -38"><span class='ocrx_word' id='word_1_25' title='bbox 315 970 417 1032; x_wconf 84' lang='lat' dir='ltr'><strong>Anno</strong></span> <span class='ocrx_word' id='word_1_26' title='bbox 442 968 583 1034; x_wconf 89' lang='lat' dir='ltr'><strong>Domini</strong></span> <span class='ocrx_word' id='word_1_27' title='bbox 612 967 885 1033; x_wconf 86' lang='lat' dir='ltr'><strong>MOLXXXHI.</strong></span> <span class='ocrx_word' id='word_1_28' title='bbox 938 968 1155 1034; x_wconf 77' lang='lat' dir='ltr'><strong>Christianus</strong></span> <span class='ocrx_word' id='word_1_29' title='bbox 1185 949 1460 1069; x_wconf 41' lang='lat' dir='ltr'><strong>Magn-235,</strong></span> 
     </span>
    </p>

    <p class='ocr_par' dir='ltr' id='par_1_4' title="bbox 175 1057 926 1142">
     <span class='ocr_line' id='line_1_6' title="bbox 175 1057 926 1142; baseline 0 -22"><span class='ocrx_word' id='word_1_30' title='bbox 175 1059 302 1122; x_wconf 72' lang='lat' dir='ltr'><strong>atinus</strong></span> <span class='ocrx_word' id='word_1_31' title='bbox 326 1057 603 1142; x_wconf 81' lang='lat' dir='ltr'><strong>archiepiscopus</strong></span> <span class='ocrx_word' id='word_1_32' title='bbox 626 1058 664 1121; x_wconf 91' lang='lat' dir='ltr'><strong>in</strong></span> <span class='ocrx_word' id='word_1_33' title='bbox 685 1057 806 1122; x_wconf 90' lang='lat' dir='ltr'><strong>Ytalia</strong></span> <span class='ocrx_word' id='word_1_34' title='bbox 829 1058 926 1122; x_wconf 87' lang='lat' dir='ltr'><strong>obiit.</strong></span> 
     </span>
    </p>

    <p class='ocr_par' dir='ltr' id='par_1_5' title="bbox 209 1145 1328 1496">
     <span class='ocr_line' id='line_1_7' title="bbox 315 1145 1327 1230; baseline 0 -20"><span class='ocrx_word' id='word_1_35' title='bbox 315 1145 446 1212; x_wconf 78' lang='lat' dir='ltr'><strong>Eodem</strong></span> <span class='ocrx_word' id='word_1_36' title='bbox 481 1166 571 1210; x_wconf 87' lang='lat' dir='ltr'><strong>anno</strong></span> <span class='ocrx_word' id='word_1_37' title='bbox 605 1146 747 1230; x_wconf 88' lang='lat' dir='ltr'><strong>quidam</strong></span> <span class='ocrx_word' id='word_1_38' title='bbox 781 1147 818 1209; x_wconf 93' lang='lat' dir='ltr'><strong>in</strong></span> <span class='ocrx_word' id='word_1_39' title='bbox 853 1147 1013 1212; x_wconf 76' lang='lat' dir='ltr'><strong>scismate</strong></span> <span class='ocrx_word' id='word_1_40' title='bbox 1043 1147 1195 1211; x_wconf 90' lang='lat' dir='ltr'><strong>ordinati</strong></span> <span class='ocrx_word' id='word_1_41' title='bbox 1225 1150 1261 1212; x_wconf 92' lang='lat' dir='ltr'><strong>et</strong></span> <span class='ocrx_word' id='word_1_42' title='bbox 1290 1148 1327 1210; x_wconf 95' lang='lat' dir='ltr'><strong>in</strong></span> 
     </span>
     <span class='ocr_line' id='line_1_8' title="bbox 209 1231 1328 1318; baseline 0 -18"><span class='ocrx_word' id='word_1_43' title='bbox 209 1235 355 1300; x_wconf 86' lang='lat' dir='ltr'><strong>concilio</strong></span> <span class='ocrx_word' id='word_1_44' title='bbox 378 1235 422 1299; x_wconf 90' lang='lat' dir='ltr'><strong>ab</strong></span> <span class='ocrx_word' id='word_1_45' title='bbox 445 1233 643 1300; x_wconf 83' lang='lat' dir='ltr'><strong>Alexandro</strong></span> <span class='ocrx_word' id='word_1_46' title='bbox 667 1256 757 1318; x_wconf 88' lang='lat' dir='ltr'><strong>papa</strong></span> <span class='ocrx_word' id='word_1_47' title='bbox 780 1236 938 1318; x_wconf 91' lang='lat' dir='ltr'><strong>depositi,</strong></span> <span class='ocrx_word' id='word_1_48' title='bbox 963 1234 1166 1300; x_wconf 87' lang='lat' dir='ltr'><strong>subdiaconi</strong></span> <span class='ocrx_word' id='word_1_49' title='bbox 1195 1231 1328 1301; x_wconf 86' lang='lat' dir='ltr'><strong>scilicet</strong></span> 
     </span>
     <span class='ocr_line' id='line_1_9' title="bbox 210 1323 1328 1408; baseline -0.001 -18"><span class='ocrx_word' id='word_1_50' title='bbox 210 1328 245 1390; x_wconf 91' lang='lat' dir='ltr'><strong>et</strong></span> <span class='ocrx_word' id='word_1_51' title='bbox 282 1323 456 1388; x_wconf 85' lang='lat' dir='ltr'><strong>inferioris</strong></span> <span class='ocrx_word' id='word_1_52' title='bbox 491 1323 637 1401; x_wconf 80' lang='lat' dir='ltr'><strong>ordinis,</strong></span> <span class='ocrx_word' id='word_1_53' title='bbox 673 1323 933 1399; x_wconf 71' lang='lat' dir='ltr'><strong>reordinantur,</strong></span> <span class='ocrx_word' id='word_1_54' title='bbox 970 1324 1104 1389; x_wconf 91' lang='lat' dir='ltr'><strong>duobus</strong></span> <span class='ocrx_word' id='word_1_55' title='bbox 1139 1325 1328 1408; x_wconf 87' lang='lat' dir='ltr'><strong>apostolice</strong></span> 
     </span>
     <span class='ocr_line' id='line_1_10' title="bbox 209 1410 1326 1496; baseline -0.001 -19"><span class='ocrx_word' id='word_1_56' title='bbox 209 1413 299 1477; x_wconf 90' lang='lat' dir='ltr'><strong>sedis</strong></span> <span class='ocrx_word' id='word_1_57' title='bbox 322 1410 469 1496; x_wconf 85' lang='lat' dir='ltr'><strong>legatis1</strong></span> <span class='ocrx_word' id='word_1_58' title='bbox 492 1412 634 1496; x_wconf 90' lang='lat' dir='ltr'><strong>speciali</strong></span> <span class='ocrx_word' id='word_1_59' title='bbox 664 1413 729 1477; x_wconf 89' lang='lat' dir='ltr'><strong>hoo</strong></span> <span class='ocrx_word' id='word_1_60' title='bbox 761 1413 1017 1496; x_wconf 90' lang='lat' dir='ltr'><strong>dispensatione</strong></span> <span class='ocrx_word' id='word_1_61' title='bbox 1048 1413 1326 1492; x_wconf 77' lang='lat' dir='ltr'><strong>concedentibus,</strong></span> 
     </span>
    </p>

    <p class='ocr_par' dir='ltr' id='par_1_6' title="bbox 164 1496 1411 1764">
     <span class='ocr_line' id='line_1_11' title="bbox 164 1496 1328 1586; baseline 0.003 -23"><span class='ocrx_word' id='word_1_62' title='bbox 164 1525 190 1563; x_wconf 85' lang='lat'><strong>10</strong></span> <span class='ocrx_word' id='word_1_63' title='bbox 208 1503 417 1586; x_wconf 76' lang='lat' dir='ltr'><strong>impetrante</strong></span> <span class='ocrx_word' id='word_1_64' title='bbox 441 1496 636 1584; x_wconf 81' lang='lat' dir='ltr'><strong>F[rideri00]</strong></span> <span class='ocrx_word' id='word_1_65' title='bbox 661 1501 878 1586; x_wconf 85' lang='lat' dir='ltr'><strong>imperatore,</strong></span> <span class='ocrx_word' id='word_1_66' title='bbox 903 1503 963 1585; x_wconf 93' lang='lat' dir='ltr'><strong>qui</strong></span> <span class='ocrx_word' id='word_1_67' title='bbox 987 1521 1127 1585; x_wconf 84' lang='lat' dir='ltr'><strong>presens</strong></span> <span class='ocrx_word' id='word_1_68' title='bbox 1149 1502 1220 1565; x_wconf 78' lang='lat' dir='ltr'><strong>tuit</strong></span> <span class='ocrx_word' id='word_1_69' title='bbox 1241 1506 1328 1567; x_wconf 90' lang='lat' dir='ltr'><strong>tunc</strong></span> 
     </span>
     <span class='ocr_line' id='line_1_12' title="bbox 207 1590 1411 1675; baseline -0.002 -21"><span class='ocrx_word' id='word_1_70' title='bbox 207 1590 380 1675; x_wconf 89' lang='lat' dir='ltr'><strong>temporis,</strong></span> <span class='ocrx_word' id='word_1_71' title='bbox 413 1591 506 1674; x_wconf 93' lang='lat' dir='ltr'><strong>apud</strong></span> <span class='ocrx_word' id='word_1_72' title='bbox 530 1590 770 1655; x_wconf 75' lang='lat' dir='ltr'><strong>Constantiam</strong></span> <span class='ocrx_word' id='word_1_73' title='bbox 796 1591 927 1655; x_wconf 87' lang='lat' dir='ltr'><strong>curiam</strong></span> <span class='ocrx_word' id='word_1_74' title='bbox 959 1590 1135 1656; x_wconf 88' lang='lat' dir='ltr'><strong>celebrans</strong></span> <span class='ocrx_word' id='word_1_75' title='bbox 1167 1595 1203 1655; x_wconf 88' lang='lat' dir='ltr'><strong>et</strong></span> <span class='ocrx_word' id='word_1_76' title='bbox 1226 1591 1411 1661; x_wconf 69' lang='lat' dir='ltr'><strong>collo-(ra.)</strong></span> 
     </span>
     <span class='ocr_line' id='line_1_13' title="bbox 208 1678 1327 1764; baseline -0.003 -20"><span class='ocrx_word' id='word_1_77' title='bbox 208 1681 326 1764; x_wconf 88' lang='lat' dir='ltr'><strong>quium</strong></span> <span class='ocrx_word' id='word_1_78' title='bbox 350 1678 481 1744; x_wconf 87' lang='lat' dir='ltr'><strong>habens</strong></span> <span class='ocrx_word' id='word_1_79' title='bbox 505 1700 583 1743; x_wconf 89' lang='lat' dir='ltr'><strong>cum</strong></span> <span class='ocrx_word' id='word_1_80' title='bbox 599 1679 837 1762; x_wconf 84' lang='lat' dir='ltr'><strong>Langobardis</strong></span> <span class='ocrx_word' id='word_1_81' title='bbox 853 1679 1012 1744; x_wconf 90' lang='lat' dir='ltr'><strong>omnibus</strong></span> <span class='ocrx_word' id='word_1_82' title='bbox 1028 1679 1101 1744; x_wconf 84' lang='lat' dir='ltr'><strong>fere</strong></span> <span class='ocrx_word' id='word_1_83' title='bbox 1118 1679 1327 1744; x_wconf 90' lang='lat' dir='ltr'><strong>melioribus.</strong></span> 
     </span>
    </p>

    <p class='ocr_par' dir='ltr' id='par_1_7' title="bbox 207 1774 1328 1938">
     <span class='ocr_line' id='line_1_14' title="bbox 207 1774 1328 1850; baseline 0 -18"><span class='ocrx_word' id='word_1_84' title='bbox 207 1776 298 1832; x_wconf 90' lang='lat' dir='ltr'><strong>Hanc</strong></span> <span class='ocrx_word' id='word_1_85' title='bbox 332 1777 440 1832; x_wconf 88' lang='lat' dir='ltr'><strong>autem</strong></span> <span class='ocrx_word' id='word_1_86' title='bbox 479 1774 749 1849; x_wconf 85' lang='lat' dir='ltr'><strong>dispensationem</strong></span> <span class='ocrx_word' id='word_1_87' title='bbox 783 1775 929 1850; x_wconf 89' lang='lat' dir='ltr'><strong>precipue</strong></span> <span class='ocrx_word' id='word_1_88' title='bbox 968 1774 1174 1832; x_wconf 88' lang='lat' dir='ltr'><strong>obtinuerunt</strong></span> <span class='ocrx_word' id='word_1_89' title='bbox 1207 1774 1328 1832; x_wconf 87' lang='lat' dir='ltr'><strong>Marba·</strong></span> 
     </span>
     <span class='ocr_line' id='line_1_15' title="bbox 207 1863 1327 1938; baseline 0.001 -17"><span class='ocrx_word' id='word_1_90' title='bbox 207 1880 317 1921; x_wconf 89' lang='lat' dir='ltr'><strong>censes</strong></span> <span class='ocrx_word' id='word_1_91' title='bbox 348 1867 380 1921; x_wconf 89' lang='lat' dir='ltr'><strong>et</strong></span> <span class='ocrx_word' id='word_1_92' title='bbox 409 1881 465 1938; x_wconf 90' lang='lat' dir='ltr'><strong>per</strong></span> <span class='ocrx_word' id='word_1_93' title='bbox 494 1864 579 1938; x_wconf 92' lang='lat' dir='ltr'><strong>ipsos</strong></span> <span class='ocrx_word' id='word_1_94' title='bbox 609 1864 672 1932; x_wconf 89' lang='lat' dir='ltr'><strong>alii,</strong></span> <span class='ocrx_word' id='word_1_95' title='bbox 703 1863 886 1921; x_wconf 88' lang='lat' dir='ltr'><strong>Bernhardo</strong></span> <span class='ocrx_word' id='word_1_96' title='bbox 909 1864 1068 1938; x_wconf 89' lang='lat' dir='ltr'><strong>preposito</strong></span> <span class='ocrx_word' id='word_1_97' title='bbox 1094 1864 1327 1938; x_wconf 84' lang='lat' dir='ltr'><strong>interpellante.</strong></span> 
     </span>
    </p>

    <p class='ocr_par' dir='ltr' id='par_1_8' title="bbox 164 1941 1471 2011">
     <span class='ocr_line' id='line_1_16' title="bbox 164 1941 1471 2011; baseline 0 -3"><span class='ocrx_word' id='word_1_98' title='bbox 164 1963 189 2002; x_wconf 75' lang='lat'><strong>1⁶</strong></span> <span class='ocrx_word' id='word_1_99' title='bbox 316 1941 439 2010; x_wconf 69' lang='lat' dir='ltr'><strong>fHuius</strong></span> <span class='ocrx_word' id='word_1_100' title='bbox 459 1945 659 2011; x_wconf 84' lang='lat' dir='ltr'><strong>execrabilis</strong></span> <span class='ocrx_word' id='word_1_101' title='bbox 680 1948 715 2010; x_wconf 91' lang='lat' dir='ltr'><strong>et</strong></span> <span class='ocrx_word' id='word_1_102' title='bbox 739 1946 931 2011; x_wconf 71' lang='lat' dir='ltr'><strong>horrendea</strong></span> <span class='ocrx_word' id='word_1_103' title='bbox 951 1947 1120 2010; x_wconf 86' lang='lat' dir='ltr'><strong>scismatis</strong></span> <span class='ocrx_word' id='word_1_104' title='bbox 1145 1966 1247 2011; x_wconf 86' lang='lat' dir='ltr'><strong>causa</strong></span> <span class='ocrx_word' id='word_1_105' title='bbox 1263 1947 1471 2011; x_wconf 68' lang='lat' dir='ltr'><strong>hecnam.</strong></span> 
     </span>
    </p>

    <p class='ocr_par' dir='ltr' id='par_1_9' title="bbox 94 2033 1417 2384">
     <span class='ocr_line' id='line_1_17' title="bbox 94 2033 1401 2120; baseline 0.003 -29"><span class='ocrx_word' id='word_1_106' title='bbox 94 2053 130 2104; x_wconf 57' lang='lat' dir='ltr'><strong>a,</strong></span> <span class='ocrx_word' id='word_1_107' title='bbox 140 2053 187 2095; x_wconf 81' lang='lat'><strong>162.</strong></span> <span class='ocrx_word' id='word_1_108' title='bbox 206 2034 308 2097; x_wconf 73' lang='lat' dir='ltr'><strong>fuit2.</strong></span> <span class='ocrx_word' id='word_1_109' title='bbox 348 2033 497 2112; x_wconf 78' lang='lat' dir='ltr'><strong>Quidam</strong></span> <span class='ocrx_word' id='word_1_110' title='bbox 519 2034 685 2118; x_wconf 78' lang='lat' dir='ltr'><strong>*episcopi</strong></span> <span class='ocrx_word' id='word_1_111' title='bbox 701 2034 841 2098; x_wconf 92' lang='lat' dir='ltr'><strong>domino</strong></span> <span class='ocrx_word' id='word_1_112' title='bbox 855 2035 1056 2118; x_wconf 88' lang='lat' dir='ltr'><strong>imperatori</strong></span> <span class='ocrx_word' id='word_1_113' title='bbox 1072 2039 1327 2120; x_wconf 86' lang='lat' dir='ltr'><strong>suggesserunt,</strong></span> <span class='ocrx_word' id='word_1_114' title='bbox 1398 2091 1401 2095; x_wconf 83' lang='lat'><strong>.</strong></span> 
     </span>
     <span class='ocr_line' id='line_1_18' title="bbox 208 2122 1417 2206; baseline -0.004 -20"><span class='ocrx_word' id='word_1_115' title='bbox 208 2122 301 2206; x_wconf 89' lang='lat' dir='ltr'><strong>quod</strong></span> <span class='ocrx_word' id='word_1_116' title='bbox 324 2122 513 2206; x_wconf 89' lang='lat' dir='ltr'><strong>apostolica</strong></span> <span class='ocrx_word' id='word_1_117' title='bbox 537 2123 661 2187; x_wconf 87' lang='lat' dir='ltr'><strong>electio</strong></span> <span class='ocrx_word' id='word_1_118' title='bbox 691 2143 760 2186; x_wconf 92' lang='lat' dir='ltr'><strong>non</strong></span> <span class='ocrx_word' id='word_1_119' title='bbox 792 2123 935 2188; x_wconf 86' lang='lat' dir='ltr'><strong>deberet</strong></span> <span class='ocrx_word' id='word_1_120' title='bbox 965 2123 1133 2188; x_wconf 85' lang='lat' dir='ltr'><strong>celebrari</strong></span> <span class='ocrx_word' id='word_1_121' title='bbox 1162 2125 1235 2188; x_wconf 91' lang='lat' dir='ltr'><strong>sine</strong></span> <span class='ocrx_word' id='word_1_122' title='bbox 1265 2129 1417 2188; x_wconf 67' lang='lat' dir='ltr'><strong>saonae,</strong></span> 
     </span>
     <span class='ocr_line' id='line_1_19' title="bbox 209 2210 1327 2296; baseline -0.001 -21"><span class='ocrx_word' id='word_1_123' title='bbox 209 2211 352 2275; x_wconf 90' lang='lat' dir='ltr'><strong>oonsilio</strong></span> <span class='ocrx_word' id='word_1_124' title='bbox 377 2214 412 2276; x_wconf 91' lang='lat' dir='ltr'><strong>et</strong></span> <span class='ocrx_word' id='word_1_125' title='bbox 436 2230 585 2288; x_wconf 87' lang='lat' dir='ltr'><strong>assensu,</strong></span> <span class='ocrx_word' id='word_1_126' title='bbox 610 2211 701 2275; x_wconf 89' lang='lat' dir='ltr'><strong>siout</strong></span> <span class='ocrx_word' id='word_1_127' title='bbox 716 2210 800 2274; x_wconf 89' lang='lat' dir='ltr'><strong>olim</strong></span> <span class='ocrx_word' id='word_1_128' title='bbox 816 2232 889 2275; x_wconf 90' lang='lat' dir='ltr'><strong>mos</strong></span> <span class='ocrx_word' id='word_1_129' title='bbox 904 2212 975 2275; x_wconf 83' lang='lat' dir='ltr'><strong>fuit</strong></span> <span class='ocrx_word' id='word_1_130' title='bbox 992 2212 1034 2276; x_wconf 93' lang='lat' dir='ltr'><strong>ab</strong></span> <span class='ocrx_word' id='word_1_131' title='bbox 1051 2212 1327 2296; x_wconf 88' lang='lat' dir='ltr'><strong>imperatoribus.</strong></span> 
     </span>
     <span class='ocr_line' id='line_1_20' title="bbox 208 2299 1328 2384; baseline 0 -21"><span class='ocrx_word' id='word_1_132' title='bbox 208 2299 308 2380; x_wconf 80' lang='lat' dir='ltr'><strong>Quod</strong></span> <span class='ocrx_word' id='word_1_133' title='bbox 332 2299 541 2364; x_wconf 89' lang='lat' dir='ltr'><strong>clarissimus</strong></span> <span class='ocrx_word' id='word_1_134' title='bbox 565 2300 723 2384; x_wconf 87' lang='lat' dir='ltr'><strong>princeps</strong></span> <span class='ocrx_word' id='word_1_135' title='bbox 747 2300 901 2378; x_wconf 90' lang='lat' dir='ltr'><strong>audiens,</strong></span> <span class='ocrx_word' id='word_1_136' title='bbox 925 2300 1071 2363; x_wconf 90' lang='lat' dir='ltr'><strong>nimium</strong></span> <span class='ocrx_word' id='word_1_137' title='bbox 1101 2300 1263 2365; x_wconf 90' lang='lat' dir='ltr'><strong>credulus</strong></span> <span class='ocrx_word' id='word_1_138' title='bbox 1293 2304 1328 2366; x_wconf 89' lang='lat' dir='ltr'><strong>et</strong></span> 
     </span>
    </p>

    <p class='ocr_par' dir='ltr' id='par_1_10' title="bbox 162 2388 1418 2829">
     <span class='ocr_line' id='line_1_21' title="bbox 162 2388 1338 2474; baseline 0.001 -21"><span class='ocrx_word' id='word_1_139' title='bbox 162 2415 189 2454; x_wconf 78' lang='lat' dir='ltr'><strong>ao</strong></span> <span class='ocrx_word' id='word_1_140' title='bbox 208 2389 285 2474; x_wconf 91' lang='lat' dir='ltr'><strong>plus</strong></span> <span class='ocrx_word' id='word_1_141' title='bbox 308 2409 410 2472; x_wconf 87' lang='lat' dir='ltr'><strong>quam</strong></span> <span class='ocrx_word' id='word_1_142' title='bbox 443 2388 564 2452; x_wconf 87' lang='lat' dir='ltr'><strong>debuit</strong></span> <span class='ocrx_word' id='word_1_143' title='bbox 594 2389 646 2452; x_wconf 89' lang='lat' dir='ltr'><strong>ira</strong></span> <span class='ocrx_word' id='word_1_144' title='bbox 676 2409 870 2466; x_wconf 86' lang='lat' dir='ltr'><strong>succensus,</strong></span> <span class='ocrx_word' id='word_1_145' title='bbox 902 2390 1155 2454; x_wconf 88' lang='lat' dir='ltr'><strong>communicato</strong></span> <span class='ocrx_word' id='word_1_146' title='bbox 1185 2389 1338 2454; x_wconf 89' lang='lat' dir='ltr'><strong>consilio-</strong></span> 
     </span>
     <span class='ocr_line' id='line_1_22' title="bbox 208 2471 1328 2605; baseline 0.001 -63"><span class='ocrx_word' id='word_1_147' title='bbox 208 2499 286 2542; x_wconf 88' lang='lat' dir='ltr'><strong>eum</strong></span> <span class='ocrx_word' id='word_1_148' title='bbox 324 2477 556 2562; x_wconf 87' lang='lat' dir='ltr'><strong>principibus,</strong></span> <span class='ocrx_word' id='word_1_149' title='bbox 596 2497 721 2562; x_wconf 87' lang='lat' dir='ltr'><strong>papam</strong></span> <span class='ocrx_word' id='word_1_150' title='bbox 759 2477 914 2541; x_wconf 89' lang='lat' dir='ltr'><strong>instituit</strong></span> <span class='ocrx_word' id='word_1_151' title='bbox 952 2480 988 2542; x_wconf 93' lang='lat' dir='ltr'><strong>et</strong></span> <span class='ocrx_word' id='word_1_152' title='bbox 1026 2471 1215 2605; x_wconf 67' lang='lat' dir='ltr'><strong>episcopisl</strong></span> <span class='ocrx_word' id='word_1_153' title='bbox 1251 2478 1328 2543; x_wconf 84' lang='lat' dir='ltr'><strong>Ale·</strong></span> 
     </span>
     <span class='ocr_line' id='line_1_23' title="bbox 207 2565 1418 2653; baseline 0.002 -23"><span class='ocrx_word' id='word_1_154' title='bbox 207 2567 345 2633; x_wconf 87' lang='lat' dir='ltr'><strong>mannie</strong></span> <span class='ocrx_word' id='word_1_155' title='bbox 380 2567 431 2633; x_wconf 78' lang='lat' dir='ltr'><strong>ei⁰</strong></span> <span class='ocrx_word' id='word_1_156' title='bbox 467 2569 719 2632; x_wconf 89' lang='lat' dir='ltr'><strong>sacramentum</strong></span> <span class='ocrx_word' id='word_1_157' title='bbox 754 2565 935 2633; x_wconf 85' lang='lat' dir='ltr'><strong>fidelitatis</strong></span> <span class='ocrx_word' id='word_1_158' title='bbox 973 2571 1127 2651; x_wconf 89' lang='lat' dir='ltr'><strong>prestare</strong></span> <span class='ocrx_word' id='word_1_159' title='bbox 1181 2567 1295 2653; x_wconf 79' lang='lat' dir='ltr'><strong>coegit</strong></span> <span class='ocrx_word' id='word_1_160' title='bbox 1305 2566 1327 2630; x_wconf 78' lang='lat'><strong>³.</strong></span> <span class='ocrx_word' id='word_1_161' title='bbox 1340 2570 1418 2627; x_wconf 84' lang='lat'><strong>1165.</strong></span> 
     </span>
     <span class='ocr_line' id='line_1_24' title="bbox 207 2655 1328 2742; baseline 0.003 -23"><span class='ocrx_word' id='word_1_162' title='bbox 207 2655 308 2736; x_wconf 77' lang='lat' dir='ltr'><strong>Quod</strong></span> <span class='ocrx_word' id='word_1_163' title='bbox 338 2656 478 2740; x_wconf 90' lang='lat' dir='ltr'><strong>quidam</strong></span> <span class='ocrx_word' id='word_1_164' title='bbox 508 2658 677 2734; x_wconf 82' lang='lat' dir='ltr'><strong>fecerunt,</strong></span> <span class='ocrx_word' id='word_1_165' title='bbox 707 2657 810 2742; x_wconf 87' lang='lat' dir='ltr'><strong>pauci</strong></span> <span class='ocrx_word' id='word_1_166' title='bbox 833 2677 915 2722; x_wconf 77' lang='lat' dir='ltr'><strong>vero</strong></span> <span class='ocrx_word' id='word_1_167' title='bbox 942 2656 1070 2720; x_wconf 87' lang='lat' dir='ltr'><strong>saniori</strong></span> <span class='ocrx_word' id='word_1_168' title='bbox 1100 2657 1153 2720; x_wconf 92' lang='lat' dir='ltr'><strong>usi</strong></span> <span class='ocrx_word' id='word_1_169' title='bbox 1184 2656 1328 2723; x_wconf 90' lang='lat' dir='ltr'><strong>consilio</strong></span> 
     </span>
     <span class='ocr_line' id='line_1_25' title="bbox 207 2745 1329 2829; baseline 0.001 -21"><span class='ocrx_word' id='word_1_170' title='bbox 207 2745 322 2809; x_wconf 82' lang='lat' dir='ltr'><strong>iacere</strong></span> <span class='ocrx_word' id='word_1_171' title='bbox 337 2748 562 2809; x_wconf 86' lang='lat' dir='ltr'><strong>rennuerunt.</strong></span> <span class='ocrx_word' id='word_1_172' title='bbox 590 2746 742 2810; x_wconf 81' lang='lat' dir='ltr'><strong>Tandem</strong></span> <span class='ocrx_word' id='word_1_173' title='bbox 760 2745 908 2829; x_wconf 91' lang='lat' dir='ltr'><strong>plurimo</strong></span> <span class='ocrx_word' id='word_1_174' title='bbox 921 2748 1076 2829; x_wconf 89' lang='lat' dir='ltr'><strong>tempore</strong></span> <span class='ocrx_word' id='word_1_175' title='bbox 1087 2745 1245 2811; x_wconf 88' lang='lat' dir='ltr'><strong>revoluto</strong></span> <span class='ocrx_word' id='word_1_176' title='bbox 1261 2767 1329 2829; x_wconf 89' lang='lat' dir='ltr'><strong>pax</strong></span> 
     </span>
    </p>

    <p class='ocr_par' dir='ltr' id='par_1_11' title="bbox 163 2833 1419 3093">
     <span class='ocr_line' id='line_1_26' title="bbox 163 2833 1419 2918; baseline -0.01 -15"><span class='ocrx_word' id='word_1_177' title='bbox 163 2833 351 2903; x_wconf 74' lang='lat' dir='ltr'><strong>aecclesie</strong></span> <span class='ocrx_word' id='word_1_178' title='bbox 380 2834 562 2899; x_wconf 72' lang='lat' dir='ltr'><strong>redditur4</strong></span> <span class='ocrx_word' id='word_1_179' title='bbox 585 2854 645 2916; x_wconf 87' lang='lat' dir='ltr'><strong>per</strong></span> <span class='ocrx_word' id='word_1_180' title='bbox 670 2835 842 2917; x_wconf 89' lang='lat' dir='ltr'><strong>quendam</strong></span> <span class='ocrx_word' id='word_1_181' title='bbox 867 2833 1065 2918; x_wconf 88' lang='lat' dir='ltr'><strong>episcopum</strong></span> <span class='ocrx_word' id='word_1_182' title='bbox 1082 2834 1327 2899; x_wconf 88' lang='lat' dir='ltr'><strong>Wicmannum</strong></span> <span class='ocrx_word' id='word_1_183' title='bbox 1339 2838 1419 2893; x_wconf 79' lang='lat'><strong>1177.</strong></span> 
     </span>
     <span class='ocr_line' id='line_1_27' title="bbox 209 2921 1330 3006; baseline 0.001 -21"><span class='ocrx_word' id='word_1_184' title='bbox 209 2921 366 2998; x_wconf 83' lang='lat' dir='ltr'><strong>Saxonie,</strong></span> <span class='ocrx_word' id='word_1_185' title='bbox 390 2924 427 2986; x_wconf 90' lang='lat' dir='ltr'><strong>et</strong></span> <span class='ocrx_word' id='word_1_186' title='bbox 449 2921 579 2986; x_wconf 89' lang='lat' dir='ltr'><strong>letatur</strong></span> <span class='ocrx_word' id='word_1_187' title='bbox 601 2922 780 2986; x_wconf 85' lang='lat' dir='ltr'><strong>universus</strong></span> <span class='ocrx_word' id='word_1_188' title='bbox 811 2922 970 2999; x_wconf 90' lang='lat' dir='ltr'><strong>mundus,</strong></span> <span class='ocrx_word' id='word_1_189' title='bbox 996 2923 1088 3006; x_wconf 90' lang='lat' dir='ltr'><strong>quod</strong></span> <span class='ocrx_word' id='word_1_190' title='bbox 1118 2923 1330 2987; x_wconf 87' lang='lat' dir='ltr'><strong>densissimis</strong></span> 
     </span>
     <span class='ocr_line' id='line_1_28' title="bbox 209 3004 800 3093; baseline 0 -20"><span class='ocrx_word' id='word_1_191' title='bbox 209 3008 384 3075; x_wconf 84' lang='lat' dir='ltr'><strong>tenebris⁵</strong></span> <span class='ocrx_word' id='word_1_192' title='bbox 406 3010 483 3073; x_wconf 88' lang='lat' dir='ltr'><strong>finis</strong></span> <span class='ocrx_word' id='word_1_193' title='bbox 506 3009 577 3072; x_wconf 83' lang='lat' dir='ltr'><strong>fuit</strong></span> <span class='ocrx_word' id='word_1_194' title='bbox 599 3004 800 3093; x_wconf 68' lang='lat' dir='ltr'><strong>impositus.l</strong></span> 
     </span>
    </p>
   </div>
   <div class='ocr_carea' id='block_1_3' title="bbox 210 3146 1248 3198">
    <p class='ocr_par' dir='ltr' id='par_1_12' title="bbox 210 3146 1248 3198">
     <span class='ocr_line' id='line_1_29' title="bbox 210 3146 1248 3198; baseline 0 -11"><span class='ocrx_word' id='word_1_195' title='bbox 210 3150 231 3198; x_wconf 85' lang='lat' dir='ltr'><strong>a)</strong></span> <span class='ocrx_word' id='word_1_196' title='bbox 246 3148 277 3187; x_wconf 81' lang='lat' dir='ltr'><strong>ita</strong></span> <span class='ocrx_word' id='word_1_197' title='bbox 290 3160 308 3187; x_wconf 84' lang='lat' dir='ltr'><strong>a.</strong></span> <span class='ocrx_word' id='word_1_198' title='bbox 364 3148 386 3198; x_wconf 94' lang='lat' dir='ltr'><strong>b)</strong></span> <span class='ocrx_word' id='word_1_199' title='bbox 401 3148 432 3186; x_wconf 81' lang='lat' dir='ltr'><strong>ito</strong></span> <span class='ocrx_word' id='word_1_200' title='bbox 446 3148 493 3187; x_wconf 82' lang='lat' dir='ltr'><strong>loco</strong></span> <span class='ocrx_word' id='word_1_201' title='bbox 506 3147 623 3197; x_wconf 87' lang='lat' dir='ltr'><strong>episcopos</strong></span> <span class='ocrx_word' id='word_1_202' title='bbox 637 3157 656 3187; x_wconf 81' lang='lat' dir='ltr'><strong>o.</strong></span> <span class='ocrx_word' id='word_1_203' title='bbox 711 3148 732 3197; x_wconf 90' lang='lat' dir='ltr'><strong>c)</strong></span> <span class='ocrx_word' id='word_1_204' title='bbox 747 3147 768 3186; x_wconf 88' lang='lat' dir='ltr'><strong>el</strong></span> <span class='ocrx_word' id='word_1_205' title='bbox 782 3147 856 3185; x_wconf 76' lang='lat' dir='ltr'><strong>radan</strong></span> <span class='ocrx_word' id='word_1_206' title='bbox 869 3156 935 3186; x_wconf 83' lang='lat' dir='ltr'><strong>manu</strong></span> <span class='ocrx_word' id='word_1_207' title='bbox 948 3157 1055 3195; x_wconf 75' lang='lat' dir='ltr'><strong>superscr.</strong></span> <span class='ocrx_word' id='word_1_208' title='bbox 1111 3147 1134 3197; x_wconf 86' lang='lat' dir='ltr'><strong>d)</strong></span> <span class='ocrx_word' id='word_1_209' title='bbox 1148 3146 1215 3195; x_wconf 69' lang='grc' dir='ltr'>ρῖιῖε</span> <span class='ocrx_word' id='word_1_210' title='bbox 1230 3158 1248 3187; x_wconf 79' lang='lat' dir='ltr'><strong>c.</strong></span> 
     </span>
    </p>
   </div>
   <div class='ocr_carea' id='block_1_4' title="bbox 164 3252 1332 4599">
    <p class='ocr_par' dir='ltr' id='par_1_13' title="bbox 164 3252 1332 4599">
     <span class='ocr_line' id='line_1_30' title="bbox 210 3252 1331 3322; baseline -0.005 -13"><span class='ocrx_word' id='word_1_211' title='bbox 210 3255 236 3322; x_wconf 87' lang='lat'><strong>1)</strong></span> <span class='ocrx_word' id='word_1_212' title='bbox 264 3255 400 3307; x_wconf 77' lang='lat' dir='ltr'><strong>Iohannes</strong></span> <span class='ocrx_word' id='word_1_213' title='bbox 417 3254 449 3305; x_wconf 82' lang='lat' dir='ltr'><strong>dc</strong></span> <span class='ocrx_word' id='word_1_214' title='bbox 466 3254 598 3321; x_wconf 75' lang='lat' dir='ltr'><strong>Anepsia</strong></span> <span class='ocrx_word' id='word_1_215' title='bbox 614 3253 764 3305; x_wconf 75' lang='lat' dir='ltr'><strong>cardinale</strong></span> <span class='ocrx_word' id='word_1_216' title='bbox 786 3254 927 3321; x_wconf 72' lang='lat' dir='ltr'><strong>presbyter</strong></span> <span class='ocrx_word' id='word_1_217' title='bbox 944 3253 1018 3304; x_wconf 84' lang='lat' dir='ltr'><strong>titali</strong></span> <span class='ocrx_word' id='word_1_218' title='bbox 1041 3269 1062 3305; x_wconf 84' lang='lat' dir='ltr'><strong>a.</strong></span> <span class='ocrx_word' id='word_1_219' title='bbox 1081 3252 1173 3303; x_wconf 84' lang='lat' dir='ltr'><strong>Marci</strong></span> <span class='ocrx_word' id='word_1_220' title='bbox 1192 3259 1216 3305; x_wconf 85' lang='lat' dir='ltr'><strong>et</strong></span> <span class='ocrx_word' id='word_1_221' title='bbox 1233 3252 1331 3305; x_wconf 79' lang='lat' dir='ltr'><strong>Petras</strong></span> 
     </span>
     <span class='ocr_line' id='line_1_31' title="bbox 164 3321 1329 3393; baseline -0.003 -14"><span class='ocrx_word' id='word_1_222' title='bbox 164 3342 191 3381; x_wconf 79' lang='lat' dir='ltr'><strong>ao</strong></span> <span class='ocrx_word' id='word_1_223' title='bbox 208 3328 344 3393; x_wconf 68' lang='lat' dir='ltr'><strong>epiecopus</strong></span> <span class='ocrx_word' id='word_1_224' title='bbox 357 3325 489 3377; x_wconf 68' lang='lat' dir='ltr'><strong>mnemia</strong></span> <span class='ocrx_word' id='word_1_225' title='bbox 506 3342 524 3376; x_wconf 92' lang='lat' dir='ltr'><strong>a</strong></span> <span class='ocrx_word' id='word_1_226' title='bbox 538 3341 618 3393; x_wconf 83' lang='lat' dir='ltr'><strong>papa</strong></span> <span class='ocrx_word' id='word_1_227' title='bbox 629 3326 743 3391; x_wconf 75' lang='lat' dir='ltr'><strong>dalapati</strong></span> <span class='ocrx_word' id='word_1_228' title='bbox 758 3332 844 3379; x_wconf 81' lang='lat' dir='ltr'><strong>crant.</strong></span> <span class='ocrx_word' id='word_1_229' title='bbox 878 3324 918 3389; x_wconf 79' lang='lat' dir='ltr'><strong>Cf,</strong></span> <span class='ocrx_word' id='word_1_230' title='bbox 931 3340 954 3377; x_wconf 85' lang='lat' dir='ltr'><strong>o.</strong></span> <span class='ocrx_word' id='word_1_231' title='bbox 969 3322 1142 3389; x_wconf 62' lang='lat' dir='ltr'><strong>macarem,</strong></span> <span class='ocrx_word' id='word_1_232' title='bbox 1154 3321 1329 3376; x_wconf 78' lang='lat' dir='ltr'><strong>‘Kaiserzeit&#39;</strong></span> 
     </span>
     <span class='ocr_line' id='line_1_32' title="bbox 213 3393 1329 3463; baseline 0.001 -14"><span class='ocrx_word' id='word_1_233' title='bbox 213 3397 259 3463; x_wconf 86' lang='lat' dir='ltr'><strong>VI,</strong></span> <span class='ocrx_word' id='word_1_234' title='bbox 268 3414 296 3463; x_wconf 79' lang='lat' dir='ltr'><strong>p.</strong></span> <span class='ocrx_word' id='word_1_235' title='bbox 307 3400 355 3463; x_wconf 82' lang='lat'><strong>313</strong></span> <span class='ocrx_word' id='word_1_236' title='bbox 367 3395 475 3461; x_wconf 81' lang='lat' dir='ltr'><strong>Haaclo,</strong></span> <span class='ocrx_word' id='word_1_237' title='bbox 488 3395 773 3463; x_wconf 71' lang='lat' dir='ltr'><strong>‘Kirchanpaecbicbta&#39;</strong></span> <span class='ocrx_word' id='word_1_238' title='bbox 782 3396 833 3461; x_wconf 83' lang='lat' dir='ltr'><strong>IV,</strong></span> <span class='ocrx_word' id='word_1_239' title='bbox 842 3412 872 3463; x_wconf 84' lang='lat' dir='ltr'><strong>p.</strong></span> <span class='ocrx_word' id='word_1_240' title='bbox 882 3396 944 3449; x_wconf 84' lang='grc'><strong>291.</strong></span> <span class='ocrx_word' id='word_1_241' title='bbox 954 3396 1007 3449; x_wconf 89' lang='grc'><strong>303</strong></span> <span class='ocrx_word' id='word_1_242' title='bbox 1020 3400 1042 3446; x_wconf 79' lang='lat' dir='ltr'><strong>et</strong></span> <span class='ocrx_word' id='word_1_243' title='bbox 1056 3393 1154 3448; x_wconf 75' lang='lat' dir='ltr'><strong>cmm.</strong></span> <span class='ocrx_word' id='word_1_244' title='bbox 1167 3394 1329 3450; x_wconf 65' lang='grc' dir='ltr'><strong>Εόονεὶιοίοη.</strong></span> 
     </span>
     <span class='ocr_line' id='line_1_33' title="bbox 208 3466 1329 3534; baseline 0 -15"><span class='ocrx_word' id='word_1_245' title='bbox 208 3484 230 3523; x_wconf 81' lang='lat' dir='ltr'><strong>o.</strong></span> <span class='ocrx_word' id='word_1_246' title='bbox 249 3470 284 3522; x_wconf 92' lang='grc'><strong>32</strong></span> <span class='ocrx_word' id='word_1_247' title='bbox 302 3468 363 3533; x_wconf 84' lang='lat' dir='ltr'><strong>(SS.</strong></span> <span class='ocrx_word' id='word_1_248' title='bbox 382 3467 498 3533; x_wconf 86' lang='lat' dir='ltr'><strong>XXIII,</strong></span> <span class='ocrx_word' id='word_1_249' title='bbox 512 3484 543 3534; x_wconf 78' lang='lat' dir='ltr'><strong>p.</strong></span> <span class='ocrx_word' id='word_1_250' title='bbox 556 3469 622 3533; x_wconf 83' lang='lat'><strong>447)</strong></span> <span class='ocrx_word' id='word_1_251' title='bbox 640 3468 671 3519; x_wconf 87' lang='lat' dir='ltr'><strong>dc</strong></span> <span class='ocrx_word' id='word_1_252' title='bbox 688 3468 861 3533; x_wconf 71' lang='lat' dir='ltr'><strong>pravissimis</strong></span> <span class='ocrx_word' id='word_1_253' title='bbox 878 3466 1051 3519; x_wconf 71' lang='lat' dir='ltr'><strong>incommodis</strong></span> <span class='ocrx_word' id='word_1_254' title='bbox 1071 3467 1102 3516; x_wconf 80' lang='lat' dir='ltr'><strong>ia</strong></span> <span class='ocrx_word' id='word_1_255' title='bbox 1119 3466 1229 3517; x_wconf 80' lang='lat' dir='ltr'><strong>Alsatia</strong></span> <span class='ocrx_word' id='word_1_256' title='bbox 1253 3467 1329 3520; x_wconf 67' lang='lat' dir='ltr'><strong>cmm.</strong></span> 
     </span>
     <span class='ocr_line' id='line_1_34' title="bbox 208 3537 1331 3606; baseline -0.004 -14"><span class='ocrx_word' id='word_1_257' title='bbox 208 3537 237 3606; x_wconf 82' lang='lat'><strong>2)</strong></span> <span class='ocrx_word' id='word_1_258' title='bbox 257 3539 407 3605; x_wconf 81' lang='lat' dir='ltr'><strong>Seqamtem</strong></span> <span class='ocrx_word' id='word_1_259' title='bbox 425 3540 610 3591; x_wconf 66' lang='lat' dir='ltr'><strong>sacratiorem</strong></span> <span class='ocrx_word' id='word_1_260' title='bbox 627 3538 659 3589; x_wconf 88' lang='lat' dir='ltr'><strong>de</strong></span> <span class='ocrx_word' id='word_1_261' title='bbox 683 3539 818 3590; x_wconf 70' lang='lat' dir='ltr'><strong>somniatis</strong></span> <span class='ocrx_word' id='word_1_262' title='bbox 843 3539 947 3603; x_wconf 68' lang='lat' dir='ltr'><strong>arpina</strong></span> <span class='ocrx_word' id='word_1_263' title='bbox 965 3537 1105 3589; x_wconf 68' lang='lat' dir='ltr'><strong>moribus</strong></span> <span class='ocrx_word' id='word_1_264' title='bbox 1129 3537 1253 3588; x_wconf 68' lang='lat' dir='ltr'><strong>oblatam</strong></span> <span class='ocrx_word' id='word_1_265' title='bbox 1277 3552 1331 3589; x_wconf 79' lang='lat' dir='ltr'><strong>essa</strong></span> 
     </span>
     <span class='ocr_line' id='line_1_35' title="bbox 210 3608 1330 3677; baseline -0.002 -16"><span class='ocrx_word' id='word_1_266' title='bbox 210 3624 283 3661; x_wconf 81' lang='lat' dir='ltr'><strong>acmo</strong></span> <span class='ocrx_word' id='word_1_267' title='bbox 300 3616 337 3661; x_wconf 83' lang='lat' dir='ltr'><strong>est</strong></span> <span class='ocrx_word' id='word_1_268' title='bbox 355 3612 419 3676; x_wconf 77' lang='lat' dir='ltr'><strong>pain</strong></span> <span class='ocrx_word' id='word_1_269' title='bbox 432 3610 577 3677; x_wconf 50' lang='lat' dir='ltr'><strong>,intellipat</strong></span> <span class='ocrx_word' id='word_1_270' title='bbox 614 3609 772 3662; x_wconf 84' lang='lat' dir='ltr'><strong>Recordatio</strong></span> <span class='ocrx_word' id='word_1_271' title='bbox 790 3609 926 3669; x_wconf 76' lang='lat' dir='ltr'><strong>factorum</strong></span> <span class='ocrx_word' id='word_1_272' title='bbox 944 3624 999 3659; x_wconf 82' lang='lat' dir='ltr'><strong>noa</strong></span> <span class='ocrx_word' id='word_1_273' title='bbox 1019 3611 1087 3660; x_wconf 82' lang='lat' dir='ltr'><strong>satia</strong></span> <span class='ocrx_word' id='word_1_274' title='bbox 1112 3608 1246 3674; x_wconf 74' lang='lat' dir='ltr'><strong>explicata</strong></span> <span class='ocrx_word' id='word_1_275' title='bbox 1271 3622 1330 3659; x_wconf 87' lang='lat' dir='ltr'><strong>eam</strong></span> 
     </span>
     <span class='ocr_line' id='line_1_36' title="bbox 165 3679 1330 3747; baseline -0.003 -12"><span class='ocrx_word' id='word_1_276' title='bbox 165 3693 192 3735; x_wconf 74' lang='lat' dir='ltr'><strong>ee</strong></span> <span class='ocrx_word' id='word_1_277' title='bbox 210 3682 288 3731; x_wconf 81' lang='lat' dir='ltr'><strong>vania</strong></span> <span class='ocrx_word' id='word_1_278' title='bbox 304 3679 408 3743; x_wconf 69' lang='lat' dir='ltr'><strong>fabrire</strong></span> <span class='ocrx_word' id='word_1_279' title='bbox 425 3696 443 3731; x_wconf 92' lang='lat' dir='ltr'><strong>a</strong></span> <span class='ocrx_word' id='word_1_280' title='bbox 461 3682 590 3746; x_wconf 77' lang='lat' dir='ltr'><strong>scriptore</strong></span> <span class='ocrx_word' id='word_1_281' title='bbox 608 3679 799 3747; x_wconf 79' lang='lat' dir='ltr'><strong>Neobarpcnsi,</strong></span> <span class='ocrx_word' id='word_1_282' title='bbox 818 3696 894 3746; x_wconf 81' lang='lat' dir='ltr'><strong>quem</strong></span> <span class='ocrx_word' id='word_1_283' title='bbox 912 3685 1045 3732; x_wconf 75' lang='lat' dir='ltr'><strong>auctorem</strong></span> <span class='ocrx_word' id='word_1_284' title='bbox 1065 3679 1184 3747; x_wconf 77' lang='lat' dir='ltr'><strong>probare</strong></span> <span class='ocrx_word' id='word_1_285' title='bbox 1205 3680 1235 3731; x_wconf 80' lang='lat' dir='ltr'><strong>ia</strong></span> <span class='ocrx_word' id='word_1_286' title='bbox 1260 3693 1330 3731; x_wconf 87' lang='lat' dir='ltr'><strong>com-</strong></span> 
     </span>
     <span class='ocr_line' id='line_1_37' title="bbox 210 3749 1331 3818; baseline 0 -17"><span class='ocrx_word' id='word_1_287' title='bbox 210 3752 340 3802; x_wconf 80' lang='lat' dir='ltr'><strong>mentario</strong></span> <span class='ocrx_word' id='word_1_288' title='bbox 358 3766 413 3803; x_wconf 87' lang='lat' dir='ltr'><strong>mco</strong></span> <span class='ocrx_word' id='word_1_289' title='bbox 431 3757 541 3802; x_wconf 81' lang='lat' dir='ltr'><strong>coactas</strong></span> <span class='ocrx_word' id='word_1_290' title='bbox 557 3766 625 3816; x_wconf 75' lang='lat' dir='ltr'><strong>aim,</strong></span> <span class='ocrx_word' id='word_1_291' title='bbox 645 3752 675 3801; x_wconf 82' lang='lat' dir='ltr'><strong>ia</strong></span> <span class='ocrx_word' id='word_1_292' title='bbox 693 3767 777 3802; x_wconf 83' lang='lat' dir='ltr'><strong>anam</strong></span> <span class='ocrx_word' id='word_1_293' title='bbox 792 3752 931 3817; x_wconf 73' lang='lat' dir='ltr'><strong>permista</strong></span> <span class='ocrx_word' id='word_1_294' title='bbox 950 3756 994 3805; x_wconf 82' lang='lat' dir='ltr'><strong>cst,</strong></span> <span class='ocrx_word' id='word_1_295' title='bbox 1084 3751 1113 3818; x_wconf 83' lang='lat'><strong>3)</strong></span> <span class='ocrx_word' id='word_1_296' title='bbox 1140 3749 1215 3801; x_wconf 83' lang='lat' dir='ltr'><strong>Haec</strong></span> <span class='ocrx_word' id='word_1_297' title='bbox 1239 3751 1331 3802; x_wconf 82' lang='lat' dir='ltr'><strong>omnia</strong></span> 
     </span>
     <span class='ocr_line' id='line_1_38' title="bbox 211 3818 1330 3889; baseline 0.004 -19"><span class='ocrx_word' id='word_1_298' title='bbox 211 3821 247 3871; x_wconf 87' lang='lat' dir='ltr'><strong>ad</strong></span> <span class='ocrx_word' id='word_1_299' title='bbox 274 3836 299 3874; x_wconf 89' lang='lat' dir='ltr'><strong>a.</strong></span> <span class='ocrx_word' id='word_1_300' title='bbox 328 3822 406 3877; x_wconf 82' lang='lat'><strong>1165.</strong></span> <span class='ocrx_word' id='word_1_301' title='bbox 433 3827 564 3887; x_wconf 65' lang='lat' dir='ltr'><strong>modam,</strong></span> <span class='ocrx_word' id='word_1_302' title='bbox 594 3837 646 3889; x_wconf 81' lang='lat' dir='ltr'><strong>qao</strong></span> <span class='ocrx_word' id='word_1_303' title='bbox 672 3820 830 3873; x_wconf 79' lang='lat' dir='ltr'><strong>Fridarr&#39;cae</strong></span> <span class='ocrx_word' id='word_1_304' title='bbox 857 3822 880 3874; x_wconf 92' lang='grc'><strong>1.</strong></span> <span class='ocrx_word' id='word_1_305' title='bbox 908 3828 970 3888; x_wconf 84' lang='lat' dir='ltr'><strong>post</strong></span> <span class='ocrx_word' id='word_1_306' title='bbox 998 3825 1110 3873; x_wconf 79' lang='lat' dir='ltr'><strong>mortem</strong></span> <span class='ocrx_word' id='word_1_307' title='bbox 1138 3821 1250 3873; x_wconf 69' lang='lat' dir='ltr'><strong>Virtam</strong></span> <span class='ocrx_word' id='word_1_308' title='bbox 1276 3818 1330 3875; x_wconf 88' lang='lat' dir='ltr'><strong>IV.</strong></span> 
     </span>
     <span class='ocr_line' id='line_1_39' title="bbox 209 3891 1331 3959; baseline -0.003 -16"><span class='ocrx_word' id='word_1_309' title='bbox 209 3894 342 3957; x_wconf 76' lang='lat' dir='ltr'><strong>episcopos</strong></span> <span class='ocrx_word' id='word_1_310' title='bbox 371 3891 531 3944; x_wconf 78' lang='lat' dir='ltr'><strong>Germaniae</strong></span> <span class='ocrx_word' id='word_1_311' title='bbox 557 3894 587 3944; x_wconf 82' lang='lat' dir='ltr'><strong>ia</strong></span> <span class='ocrx_word' id='word_1_312' title='bbox 613 3894 694 3944; x_wconf 86' lang='lat' dir='ltr'><strong>curia</strong></span> <span class='ocrx_word' id='word_1_313' title='bbox 720 3892 910 3959; x_wconf 80' lang='lat' dir='ltr'><strong>Herbipoieasi</strong></span> <span class='ocrx_word' id='word_1_314' title='bbox 935 3898 1102 3945; x_wconf 78' lang='lat' dir='ltr'><strong>sacramento</strong></span> <span class='ocrx_word' id='word_1_315' title='bbox 1129 3891 1270 3957; x_wconf 60' lang='lat' dir='ltr'><strong>obligavit,</strong></span> <span class='ocrx_word' id='word_1_316' title='bbox 1300 3896 1331 3941; x_wconf 80' lang='lat' dir='ltr'><strong>at</strong></span> 
     </span>
     <span class='ocr_line' id='line_1_40' title="bbox 209 3960 1332 4031; baseline -0.001 -17"><span class='ocrx_word' id='word_1_317' title='bbox 209 3962 367 4014; x_wconf 75' lang='lat' dir='ltr'><strong>Paschalem</strong></span> <span class='ocrx_word' id='word_1_318' title='bbox 385 3961 441 4017; x_wconf 88' lang='lat' dir='ltr'><strong>III.</strong></span> <span class='ocrx_word' id='word_1_319' title='bbox 460 3964 623 4029; x_wconf 74' lang='lat' dir='ltr'><strong>imperialem</strong></span> <span class='ocrx_word' id='word_1_320' title='bbox 637 3979 743 4031; x_wconf 81' lang='lat' dir='ltr'><strong>papam</strong></span> <span class='ocrx_word' id='word_1_321' title='bbox 761 3969 989 4029; x_wconf 73' lang='lat' dir='ltr'><strong>recopaosccrent,¹</strong></span> <span class='ocrx_word' id='word_1_322' title='bbox 1007 3964 1042 4027; x_wconf 79' lang='lat' dir='ltr'><strong>tf.</strong></span> <span class='ocrx_word' id='word_1_323' title='bbox 1061 3961 1168 4025; x_wconf 84' lang='lat' dir='ltr'><strong>Haaclr,</strong></span> <span class='ocrx_word' id='word_1_324' title='bbox 1187 3960 1332 4013; x_wconf 64' lang='lat' dir='ltr'><strong>‘Kiraios-</strong></span> 
     </span>
     <span class='ocr_line' id='line_1_41' title="bbox 164 4032 1330 4102; baseline -0.005 -13"><span class='ocrx_word' id='word_1_325' title='bbox 164 4049 192 4089; x_wconf 72' lang='grc' dir='ltr'><strong>ιο</strong></span> <span class='ocrx_word' id='word_1_326' title='bbox 208 4033 365 4101; x_wconf 77' lang='lat' dir='ltr'><strong>paschichta&#39;</strong></span> <span class='ocrx_word' id='word_1_327' title='bbox 379 4034 398 4085; x_wconf 86' lang='lat' dir='ltr'><strong><em>I</em></strong></span> <span class='ocrx_word' id='word_1_328' title='bbox 401 4032 431 4099; x_wconf 81' lang='lat' dir='ltr'><strong>V,</strong></span> <span class='ocrx_word' id='word_1_329' title='bbox 448 4050 478 4101; x_wconf 81' lang='lat' dir='ltr'><strong>p.</strong></span> <span class='ocrx_word' id='word_1_330' title='bbox 497 4035 550 4089; x_wconf 86' lang='grc'><strong>263</strong></span> <span class='ocrx_word' id='word_1_331' title='bbox 562 4050 617 4102; x_wconf 78' lang='lat' dir='ltr'><strong>sqq.</strong></span> <span class='ocrx_word' id='word_1_332' title='bbox 689 4036 717 4102; x_wconf 82' lang='lat'><strong>4)</strong></span> <span class='ocrx_word' id='word_1_333' title='bbox 738 4036 778 4086; x_wconf 86' lang='lat' dir='ltr'><strong>De</strong></span> <span class='ocrx_word' id='word_1_334' title='bbox 795 4051 860 4102; x_wconf 83' lang='lat' dir='ltr'><strong>paca</strong></span> <span class='ocrx_word' id='word_1_335' title='bbox 875 4033 974 4086; x_wconf 84' lang='lat' dir='ltr'><strong>chto</strong></span> <span class='ocrx_word' id='word_1_336' title='bbox 992 4050 1018 4089; x_wconf 90' lang='lat' dir='ltr'><strong>a.</strong></span> <span class='ocrx_word' id='word_1_337' title='bbox 1040 4036 1116 4088; x_wconf 85' lang='grc'><strong>1177.</strong></span> <span class='ocrx_word' id='word_1_338' title='bbox 1134 4035 1210 4097; x_wconf 73' lang='lat' dir='ltr'><strong>facta</strong></span> <span class='ocrx_word' id='word_1_339' title='bbox 1229 4036 1330 4099; x_wconf 79' lang='lat' dir='ltr'><strong>apitor,</strong></span> 
     </span>
     <span class='ocr_line' id='line_1_42' title="bbox 209 4104 1332 4173; baseline 0.001 -17"><span class='ocrx_word' id='word_1_340' title='bbox 209 4105 240 4157; x_wconf 83' lang='lat' dir='ltr'><strong>de</strong></span> <span class='ocrx_word' id='word_1_341' title='bbox 258 4120 312 4172; x_wconf 79' lang='lat' dir='ltr'><strong>qua</strong></span> <span class='ocrx_word' id='word_1_342' title='bbox 328 4104 519 4157; x_wconf 81' lang='lat' dir='ltr'><strong>Wr&#39;chmannas</strong></span> <span class='ocrx_word' id='word_1_343' title='bbox 538 4106 751 4173; x_wconf 75' lang='lat' dir='ltr'><strong>archiepiscopus</strong></span> <span class='ocrx_word' id='word_1_344' title='bbox 763 4104 1015 4172; x_wconf 73' lang='lat' dir='ltr'><strong>Mapedobaromsie</strong></span> <span class='ocrx_word' id='word_1_345' title='bbox 1026 4105 1122 4172; x_wconf 84' lang='lat' dir='ltr'><strong>optimc</strong></span> <span class='ocrx_word' id='word_1_346' title='bbox 1133 4106 1244 4155; x_wconf 79' lang='lat' dir='ltr'><strong>meritas</strong></span> <span class='ocrx_word' id='word_1_347' title='bbox 1256 4110 1316 4157; x_wconf 73' lang='lat' dir='ltr'><strong>erat</strong></span> <span class='ocrx_word' id='word_1_348' title='bbox 1322 4127 1332 4171; x_wconf 86' lang='lat'><strong>,-</strong></span> 
     </span>
     <span class='ocr_line' id='line_1_43' title="bbox 208 4174 1331 4243; baseline -0.002 -15"><span class='ocrx_word' id='word_1_349' title='bbox 208 4176 245 4239; x_wconf 61' lang='grc' dir='ltr'><strong>εἴ.</strong></span> <span class='ocrx_word' id='word_1_350' title='bbox 263 4176 365 4227; x_wconf 81' lang='lat' dir='ltr'><strong>Haaclc</strong></span> <span class='ocrx_word' id='word_1_351' title='bbox 379 4176 397 4229; x_wconf 87' lang='lat' dir='ltr'><strong>l.</strong></span> <span class='ocrx_word' id='word_1_352' title='bbox 410 4190 431 4230; x_wconf 89' lang='lat' dir='ltr'><strong>c.</strong></span> <span class='ocrx_word' id='word_1_353' title='bbox 448 4174 499 4240; x_wconf 86' lang='lat' dir='ltr'><strong>IV,</strong></span> <span class='ocrx_word' id='word_1_354' title='bbox 515 4192 544 4243; x_wconf 80' lang='lat' dir='ltr'><strong>p.</strong></span> <span class='ocrx_word' id='word_1_355' title='bbox 557 4178 618 4232; x_wconf 85' lang='grc'>292.</span> <span class='ocrx_word' id='word_1_356' title='bbox 650 4176 857 4229; x_wconf 84' lang='lat' dir='ltr'><strong>Wichmaanam</strong></span> <span class='ocrx_word' id='word_1_357' title='bbox 872 4174 1137 4229; x_wconf 88' lang='lat' dir='ltr'><strong>Hildesheimensem</strong></span> <span class='ocrx_word' id='word_1_358' title='bbox 1151 4177 1331 4242; x_wconf 74' lang='lat' dir='ltr'><strong>praeeipuam</strong></span> 
     </span>
     <span class='ocr_line' id='line_1_44' title="bbox 205 4246 1331 4315; baseline 0.002 -17"><span class='ocrx_word' id='word_1_359' title='bbox 205 4249 283 4315; x_wconf 84' lang='lat' dir='ltr'><strong>pacti</strong></span> <span class='ocrx_word' id='word_1_360' title='bbox 299 4247 469 4300; x_wconf 78' lang='lat' dir='ltr'><strong>mediatorem</strong></span> <span class='ocrx_word' id='word_1_361' title='bbox 488 4246 591 4302; x_wconf 76' lang='lat' dir='ltr'><strong>Oratim.</strong></span> <span class='ocrx_word' id='word_1_362' title='bbox 611 4247 797 4301; x_wconf 81' lang='lat' dir='ltr'><strong>Saabiaet&#39;aaa</strong></span> <span class='ocrx_word' id='word_1_363' title='bbox 816 4262 838 4303; x_wconf 83' lang='lat' dir='ltr'><strong>c.</strong></span> <span class='ocrx_word' id='word_1_364' title='bbox 850 4250 894 4303; x_wconf 90' lang='grc'><strong>23.</strong></span> <span class='ocrx_word' id='word_1_365' title='bbox 913 4248 1034 4300; x_wconf 81' lang='lat' dir='ltr'><strong>nominat</strong></span> <span class='ocrx_word' id='word_1_366' title='bbox 1052 4246 1116 4310; x_wconf 81' lang='lat' dir='ltr'><strong>(SS.</strong></span> <span class='ocrx_word' id='word_1_367' title='bbox 1132 4246 1198 4313; x_wconf 88' lang='lat' dir='ltr'><strong>XX,</strong></span> <span class='ocrx_word' id='word_1_368' title='bbox 1212 4263 1243 4314; x_wconf 80' lang='lat' dir='ltr'><strong>p.</strong></span> <span class='ocrx_word' id='word_1_369' title='bbox 1256 4248 1331 4306; x_wconf 88' lang='grc'>316).</span> 
     </span>
     <span class='ocr_line' id='line_1_45' title="bbox 210 4316 1332 4385; baseline -0.003 -13"><span class='ocrx_word' id='word_1_370' title='bbox 210 4320 237 4385; x_wconf 83' lang='grc'><strong>5)</strong></span> <span class='ocrx_word' id='word_1_371' title='bbox 257 4317 299 4383; x_wconf 75' lang='lat' dir='ltr'><strong>Cf.</strong></span> <span class='ocrx_word' id='word_1_372' title='bbox 318 4324 407 4371; x_wconf 86' lang='lat' dir='ltr'><strong>notam</strong></span> <span class='ocrx_word' id='word_1_373' title='bbox 427 4320 605 4385; x_wconf 62' lang='lat' dir='ltr'><strong>marginalem</strong></span> <span class='ocrx_word' id='word_1_374' title='bbox 625 4318 678 4373; x_wconf 83' lang='lat' dir='ltr'><strong>cod.</strong></span> <span class='ocrx_word' id='word_1_375' title='bbox 692 4319 810 4371; x_wconf 77' lang='lat' dir='ltr'><strong>Iamneia</strong></span> <span class='ocrx_word' id='word_1_376' title='bbox 828 4319 850 4382; x_wconf 77' lang='lat' dir='ltr'><strong>f.</strong></span> <span class='ocrx_word' id='word_1_377' title='bbox 864 4321 908 4384; x_wconf 83' lang='lat' dir='ltr'><strong>ol,</strong></span> <span class='ocrx_word' id='word_1_378' title='bbox 924 4320 981 4371; x_wconf 80' lang='lat' dir='ltr'><strong>nisi</strong></span> <span class='ocrx_word' id='word_1_379' title='bbox 997 4317 1084 4381; x_wconf 77' lang='lat' dir='ltr'><strong>fallor</strong></span> <span class='ocrx_word' id='word_1_380' title='bbox 1099 4316 1133 4368; x_wconf 79' lang='lat' dir='ltr'><strong>ab</strong></span> <span class='ocrx_word' id='word_1_381' title='bbox 1146 4320 1204 4383; x_wconf 73' lang='lat' dir='ltr'><strong>ipso</strong></span> <span class='ocrx_word' id='word_1_382' title='bbox 1216 4317 1332 4369; x_wconf 84' lang='lat' dir='ltr'><strong>librario</strong></span> 
     </span>
     <span class='ocr_line' id='line_1_46' title="bbox 164 4385 1332 4456; baseline -0.003 -14"><span class='ocrx_word' id='word_1_383' title='bbox 164 4403 192 4442; x_wconf 79' lang='lat'><strong>46</strong></span> <span class='ocrx_word' id='word_1_384' title='bbox 209 4388 391 4456; x_wconf 73' lang='lat' dir='ltr'><strong>Ncolmrpcasi</strong></span> <span class='ocrx_word' id='word_1_385' title='bbox 405 4388 534 4442; x_wconf 71' lang='lat' dir='ltr'><strong>erroneo</strong></span> <span class='ocrx_word' id='word_1_386' title='bbox 552 4390 655 4443; x_wconf 84' lang='lat' dir='ltr'><strong>Ottonis</strong></span> <span class='ocrx_word' id='word_1_387' title='bbox 669 4390 714 4455; x_wconf 84' lang='lat' dir='ltr'><strong>VI,</strong></span> <span class='ocrx_word' id='word_1_388' title='bbox 730 4406 750 4444; x_wconf 89' lang='lat' dir='ltr'><strong>c.</strong></span> <span class='ocrx_word' id='word_1_389' title='bbox 763 4392 807 4445; x_wconf 85' lang='grc'><strong>35.</strong></span> <span class='ocrx_word' id='word_1_390' title='bbox 826 4391 964 4441; x_wconf 80' lang='lat' dir='ltr'><strong>additam:</strong></span> <span class='ocrx_word' id='word_1_391' title='bbox 982 4385 1055 4441; x_wconf 91' lang='lat' dir='ltr'><strong>unde</strong></span> <span class='ocrx_word' id='word_1_392' title='bbox 1074 4404 1090 4440; x_wconf 86' lang='lat' dir='ltr'><strong>a</strong></span> <span class='ocrx_word' id='word_1_393' title='bbox 1108 4386 1228 4455; x_wconf 85' lang='lat' dir='ltr'><strong>quodam</strong></span> <span class='ocrx_word' id='word_1_394' title='bbox 1246 4386 1332 4440; x_wconf 88' lang='lat' dir='ltr'><strong>eccle-</strong></span> 
     </span>
     <span class='ocr_line' id='line_1_47' title="bbox 210 4456 1332 4529; baseline 0.001 -20"><span class='ocrx_word' id='word_1_395' title='bbox 210 4458 318 4512; x_wconf 82' lang='lat' dir='ltr'><strong>siastico</strong></span> <span class='ocrx_word' id='word_1_396' title='bbox 336 4460 469 4528; x_wconf 88' lang='lat' dir='ltr'><strong>scriptore</strong></span> <span class='ocrx_word' id='word_1_397' title='bbox 488 4458 652 4514; x_wconf 87' lang='lat' dir='ltr'><strong>densissimis</strong></span> <span class='ocrx_word' id='word_1_398' title='bbox 668 4460 788 4514; x_wconf 88' lang='lat' dir='ltr'><strong>tenebris</strong></span> <span class='ocrx_word' id='word_1_399' title='bbox 802 4459 935 4529; x_wconf 83' lang='lat' dir='ltr'><strong>[Aegypti</strong></span> <span class='ocrx_word' id='word_1_400' title='bbox 947 4458 1140 4528; x_wconf 84' lang='lat' dir='ltr'><strong>comparatur].</strong></span> <span class='ocrx_word' id='word_1_401' title='bbox 1172 4459 1215 4523; x_wconf 79' lang='lat' dir='ltr'><strong>Of.</strong></span> <span class='ocrx_word' id='word_1_402' title='bbox 1229 4456 1332 4510; x_wconf 79' lang='lat' dir='ltr'><strong>Odoaie</strong></span> 
     </span>
     <span class='ocr_line' id='line_1_48' title="bbox 211 4529 736 4599; baseline 0.01 -18"><span class='ocrx_word' id='word_1_403' title='bbox 211 4529 359 4584; x_wconf 78' lang='lat' dir='ltr'><strong>Oltroaiaoa</strong></span> <span class='ocrx_word' id='word_1_404' title='bbox 377 4530 425 4586; x_wconf 83' lang='lat' dir='ltr'><strong>SS.</strong></span> <span class='ocrx_word' id='word_1_405' title='bbox 445 4531 510 4599; x_wconf 91' lang='lat' dir='ltr'><strong>XX,</strong></span> <span class='ocrx_word' id='word_1_406' title='bbox 531 4548 560 4599; x_wconf 83' lang='lat' dir='ltr'><strong>p.</strong></span> <span class='ocrx_word' id='word_1_407' title='bbox 580 4532 642 4599; x_wconf 79' lang='lat'><strong>247,</strong></span> <span class='ocrx_word' id='word_1_408' title='bbox 663 4548 690 4588; x_wconf 80' lang='lat' dir='ltr'><strong>a.</strong></span> <span class='ocrx_word' id='word_1_409' title='bbox 709 4548 736 4587; x_wconf 92' lang='lat' dir='ltr'><strong>n.</strong></span> 
     </span>
    </p>
   </div>
   <div class='ocr_carea' id='block_1_5' title="bbox 0 0 1650 5150">
    <p class='ocr_par' dir='ltr' id='par_1_14' title="bbox 0 0 1650 5150">
     <span class='ocr_line' id='line_1_49' title="bbox 0 0 1650 5150; baseline 0 0"><span class='ocrx_word' id='word_1_410' title='bbox 0 0 1650 5150; x_wconf 95' lang='lat' dir='ltr'><strong> </strong></span> 
     </span>
    </p>
   </div>
  </div>
 </body>
</html>
