3284 5150
502 535 685 593 ANNALES
703 536 992 594 MARBAOENSES.
1275 542 1307 595 11

188 716 242 770 huc
261 733 277 770 a
308 733 343 770 ue
360 715 427 769 illuc
443 731 494 784 per
510 714 630 770 Gelliam
649 717 677 768 et
689 715 867 769 Germaniam
885 715 1050 774 multimoda
1066 715 1200 770 divisione
1218 714 1383 769 distri-etas.

187 787 256 844 buit.
320 804 389 856 aque
407 785 565 841 conditione
583 803 683 855 aroge
700 787 842 855 proposita
860 790 888 840 et
905 786 941 839 ab
959 786 1014 840 illis
1032 791 1166 856 suscepta,
1188 790 1308 840 tractum

188 876 239 928 per
256 857 406 926 aliquod
426 875 511 911 annos
529 856 633 912 bellum
652 861 760 912 constat
771 874 830 912 esse
847 856 965 926 finitum,
984 862 1023 927 ut,
1040 859 1147 912 abiecto
1159 857 1308 912 demonum

189 931 265 985 cultu
283 933 312 984 et
329 929 432 982 relictis
450 927 546 997 patriis
564 927 728 996 cerimoniis,
746 927 900 982 Christiane
924 928 989 982 fidei
1010 933 1092 998 atque
1110 928 1250 1000 religionis
1268 945 1308 982 sa·

157 1004 329 1127 bgffimem
359 1001 551 1068 perciperent
580 1003 609 1053 et
638 998 752 1053 Francis
781 1000 895 1053 adunati
925 1018 994 1054 unus
1024 1017 1086 1054 cum
1117 1001 1156 1054 eis
1191 1000 1309 1070 populus

237 1073 373 1126 serentur.

296 1142 359 1196 Hoc
388 1141 493 1196 bellum
519 1142 584 1196 licet
610 1158 660 1210 per
686 1141 804 1195 multum
835 1143 967 1211 temporis
997 1143 1119 1212 spacium
1147 1141 1308 1210 traheretur,
1318 1156 1347 1197 o.
1358 1167 1376 1197 ι.
1384 1155 1405 1196 e.

189 1215 248 1283 ipss
274 1230 330 1268 non
358 1213 475 1282 amplius
500 1229 564 1267 cum
588 1211 667 1266 hoste
692 1231 773 1282 quam
796 1213 840 1266 bis
864 1213 922 1268 acie
946 1213 1077 1270 conflixit.
1122 1213 1175 1268 His
1203 1214 1308 1267 duobus

189 1285 283 1356 preliis
311 1285 403 1339 hostes
433 1284 502 1338 adeo
531 1282 670 1354 profligati
700 1288 734 1338 et
764 1283 864 1338 devicti
895 1288 974 1353 sent,
1010 1289 1042 1338 ut
1071 1286 1186 1339 ulterius
1215 1302 1310 1355 regem

145 1373 172 1411 ¹⁰
189 1355 1309 1496 ttllt‘ltttttlttilllltzitttltmlisfittlitt?

1212 1463 1223 1493 .‚
1299 1457 1309 1466 .

190 1499 306 1569 demque
319 1515 390 1552 auno
402 1496 544 1552 XXXHI.
557 1497 666 1551 finitum
685 1502 734 1554 est.
772 1497 842 1551 Oum
860 1499 935 1552 enim
954 1499 1061 1552 assiduo
1079 1515 1143 1552 cum
1155 1497 1310 1552 Senonibus
1319 1512 1406 1554 mes.

189 1571 263 1625 bello
288 1573 448 1638 certaretur,
476 1567 614 1638 dispositis
643 1586 693 1638 per
724 1585 775 1623 con
828 1587 846 1622 a
874 1568 1056 1624 confiniorum
1086 1571 1148 1624 loca
1176 1568 1309 1640 presidiis,

189 1641 360 1711 Hyspaniam
378 1658 460 1709 quam
479 1639 599 1694 maximo
617 1644 727 1710 poteret
745 1641 780 1693 be
792 1641 812 1694 li
830 1645 964 1710 apparatu
987 1640 1161 1711 adgreditur;
1186 1641 1311 1708 saltuque

146 1730 171 1769 rs
189 1711 306 1781 Pyrenei
324 1716 461 1780 superato,
480 1711 607 1766 omnibus
625 1729 696 1780 quae
715 1711 820 1766 adierat
839 1712 947 1781 oppidis
966 1716 1049 1781 atque
1062 1713 1181 1767 castellis
1192 1712 1221 1765 in
1233 1710 1310 1764 dedi·

190 1785 298 1839 cionem
326 1783 453 1852 acceptis,
481 1785 556 1837 salvo
584 1786 692 1852 atque
719 1782 851 1837 incolumi
878 1783 1001 1838 exercitu
1027 1784 1191 1851 revertitur3
1217 1786 1310 1852 preter

189 1855 264 1924 quod
282 1854 311 1907 in
330 1854 388 1923 ipso
400 1853 518 1922 Pyrenei
536 1855 601 1925 iugo
615 1854 790 1908 Wasconiam
808 1854 953 1924 perfidiam
964 1872 1114 1924 parumper
1124 1855 1154 1908 in
1168 1853 1309 1908 redeundo

190 1926 306 1996 contigit
324 1925 451 1995 experiri.
488 1925 561 1978 Nam
579 1942 625 1980 eos
644 1926 690 1994 qui
709 1925 867 1980 incedentes
887 1926 1029 1981 novissimi
1050 1925 1165 1996 agminis
1189 1925 1310 1980 subsidio

190 1997 368 2066 precedentes
388 1997 537 2050 tuebantur
561 1997 678 2066 desuper
702 1998 872 2052 incursantes
897 1999 926 2051 in
951 1997 1103 2056 subiectam
1128 1997 1228 2051 vallem
1253 1997 1309 2050 dei-

146 2085 173 2123 eo
190 2067 276 2134 ciunt,
295 2071 474 2134 consertoque
492 2084 557 2125 cum
575 2069 614 2121 eis
631 2067 720 2137 prelio
738 2085 824 2136 usque
844 2069 879 2122 ad
904 2086 989 2122 unum
1015 2085 1109 2122 omnes
1133 2067 1311 2135 interficiunt,

191 2155 224 2192 ac
242 2138 356 2206 direptis
374 2137 585 2208 impedimentis,
603 2138 691 2192 noctis
708 2138 851 2208 beneficio,
864 2157 934 2208 quae
946 2139 1002 2193 iam
1013 2140 1139 2207 instabat,
1151 2139 1270 2208 protecti
1282 2139 1311 2190 in

191 2209 298 2264 diversa
315 2207 517 2278 disperguntur.

299 2278 432 2333 Postea
462 2279 570 2334 domuit
598 2279 753 2348 Brittones,
784 2280 832 2348 qui
861 2280 897 2334 ad
926 2280 1098 2335 occidentem
1128 2279 1157 2333 in
1187 2285 1311 2334 extrema
1319 2293 1348 2336 so.
1356 2305 1374 2332 ο.
1383 2294 1418 2333 ιο.

191 2350 310 2420 quedam
336 2354 415 2420 parts
434 2350 523 2404 Gallie
548 2368 630 2420 super
647 2351 711 2404 litus
733 2351 845 2406 occeani
868 2352 1039 2406 residentes
1061 2351 1169 2405 obsides
1193 2351 1259 2405 dare
1284 2354 1312 2404 et

147 2438 173 2478 es
192 2439 261 2491 quae
279 2422 524 2491 imperabantur
542 2439 570 2475 se
591 2422 712 2476 facturos
737 2422 826 2476 coacti
851 2427 915 2476 sunt
939 2423 1168 2491 promittere.
1211 2421 1312 2476 Postea

192 2511 255 2547 cum
280 2493 404 2547 exercitu
421 2492 534 2546 Italiam
560 2493 696 2564 ingressus
725 2497 779 2548 est
806 2511 839 2548 ac
865 2511 916 2563 per
934 2493 1053 2548 Romam
1080 2493 1133 2548 iter
1160 2509 1243 2564 agens
1270 2493 1312 2546 ad

192 2564 314 2635 Capuam
342 2563 492 2634 Campanis
518 2566 615 2620 urbem
643 2565 755 2620 accessit
785 2569 867 2634 atque
893 2565 932 2620 ibi
959 2565 1054 2635 positis
1084 2564 1179 2621 castris
1207 2564 1312 2619 bellum

192 2636 400 2705 Beneventanis,
418 2636 448 2690 ni
466 2637 639 2704 dederentur,
657 2637 839 2691 comminatus
857 2643 906 2694 cst.
937 2636 1067 2692 Prevenit
1083 2638 1137 2692 hoc
1155 2637 1211 2690 dux
1223 2638 1312 2707 gentis

192 2709 346 2779 Aregysus:
371 2706 443 2761 filios
461 2725 523 2761 suos
540 2704 710 2763 Rdmoldum
734 2712 761 2762 et
779 2707 956 2763 Grimoldum
980 2726 1043 2763 cum
1070 2726 1173 2779 magna
1195 2708 1313 2777 pecunia

148 2796 175 2835 eo
193 2780 300 2835 obviam
322 2778 477 2833 *Karolo
496 2779 608 2833 mittens
624 2783 714 2848 rogat,
732 2784 764 2833 ut
781 2779 853 2834 filios
871 2780 980 2834 obsides
997 2780 1133 2850 suscipiat,
1152 2796 1236 2847 seque
1249 2795 1312 2833 curn

86 2850 119 2899 ‘n
128 2850 173 2891 14⁹·
192 2855 274 2921 gente
292 2851 427 2920 imperata
444 2850 582 2905 facturum
599 2850 755 2920 pollicetur,
772 2855 867 2920 preter
884 2852 938 2905 hoc
956 2852 1052 2919 solum,
1070 2852 1094 2905 si
1111 2852 1170 2920 ipse
1187 2850 1223 2904 ad
1248 2867 1312 2903 con-

193 2926 316 2991 spectum
337 2921 432 2975 venire
457 2925 609 2992 cogeretur.
653 2921 723 2989 Rex,
748 2922 869 2976 utilitate
893 2923 984 2993 gentis
1007 2922 1095 2992 magis
1119 2939 1202 2990 quam
1227 2922 1312 2973 animi

193 2992 375 3047 obstinatione
393 2992 573 3060 considerata,
591 2992 698 3046 oblatos
716 2991 769 3045 sibi
787 2993 895 3046 obsides
913 2993 1032 3061 suscepit
1050 2994 1137 3061 eique,
1155 2996 1187 3046 ut
1199 2992 1233 3045 ad
1246 3010 1311 3048 con·

193 3068 316 3133 spectum
334 3064 427 3118 venire
445 3080 502 3117 non
520 3066 674 3132 cogeretur,
691 3080 743 3131 pro
763 3080 866 3133 magno
890 3081 1005 3117 munere
1029 3064 1178 3131 concessit3
1202 3080 1312 3130 unoque

149 3150 174 3191 es
193 3152 228 3190 ex
244 3134 316 3203 filiis,
335 3135 382 3203 qui
399 3134 491 3188 minor
504 3138 571 3201 erat,
584 3133 724 3188 obsidatus
736 3134 829 3204 gracia
840 3138 957 3201 retento,
969 3134 1102 3188 maiorem
1113 3134 1187 3203 petri
1198 3133 1311 3188 remisit.

298 3205 470 3260 Bawaricum
488 3204 588 3260 deinde
604 3205 709 3259 bellum
728 3209 887 3274 strepente
906 3208 997 3259 ortum
1016 3208 1044 3259 et
1062 3205 1144 3259 celeri
1164 3204 1220 3259 fine
1237 3217 1350 3258 com-o.
1362 3219 1423 3259 an.

192 3277 297 3346 pletum
311 3281 359 3334 est.
391 3275 471 3345 Quod
483 3276 767 3346 superbiaTessilonis
779 3275 857 3329 ducis
874 3276 1017 3345 excitavit3
1036 3275 1084 3345 qui
1101 3280 1193 3330 ortatu
1211 3277 1312 3347 uxoris,

192 3365 262 3417 quae
273 3347 330 3401 filia
339 3347 474 3402 Desiderii
486 3348 557 3418 regis
570 3351 629 3403 erat
642 3364 673 3401 ac
685 3348 771 3417 patris
784 3347 898 3402 exilium
912 3349 979 3417 *per
991 3347 1121 3402 meritum
1129 3348 1225 3402 ulcisci
1232 3364 1313 3416 posse
1322 3360 1351 3407 *a
1359 3361 1414 3405 120‘.

192 3420 317 3488 putabat,
341 3419 434 3473 iuncto
453 3418 546 3473 sedere
567 3436 630 3473 cum
648 3418 747 3487 Hunis,
773 3418 820 3487 qui
838 3418 961 3473 Bawaris
985 3423 1049 3473 sunt
1071 3419 1106 3473 ab
1124 3420 1230 3473 oriente
1248 3436 1311 3473 con·

149 3507 175 3545 ιο
192 3490 311 3558 termini,
329 3507 386 3543 uon
404 3490 492 3544 solum
510 3490 645 3559 imperata
667 3507 723 3544 non
747 3489 847 3560 facere,
872 3490 921 3544 sed
945 3490 1019 3544 bello
1043 3507 1138 3561 regem
1161 3507 1312 3559 provocare

191 3565 249 3615 tem
268 3559 378 3617 tabath.
415 3560 483 3631 Qui
508 3561 594 3630 copiis
618 3561 740 3629 undique
757 3561 904 3617 contractis
922 3561 1076 3616 Bawariam
1093 3561 1229 3631 petiturus
1253 3561 1312 3629 ipse

192 3632 227 3686 ad
245 3579 370 3687 Eechum
389 3649 507 3698 amnem,
532 3632 592 3700 qui
609 3631 707 3686 fluvius
725 3632 853 3687 Bawaros
878 3634 912 3687 ab
931 3632 1093 3687 Alamannis
1118 3631 1223 3702 dividit,
1248 3649 1311 3687 cum

192 3703 314 3758 maximo
338 3703 414 3758 venit
437 3702 569 3759 exercitu.
613 3702 695 3757 ossius
718 3704 747 3757 in
771 3704 833 3773 ripa
860 3705 955 3758 castris
981 3704 1129 3772 collocatis,
1153 3704 1312 3774 priusquam

192 3774 361 3843 provinciam
380 3775 503 3842 intraret,
522 3775 644 3828 animum
662 3774 739 3829 ducis
758 3792 809 3845 per
833 3776 939 3845 legatos
963 3776 1060 3829 statuit
1084 3775 1212 3845 experiri.
1255 3773 1312 3829 Sed

148 3860 175 3900 ss
193 3861 244 3900 nec
262 3846 309 3899 ille
326 3846 504 3915 pertinaciter
522 3862 604 3916 agere
629 3847 691 3899 vele
715 3847 767 3900 sibi
791 3847 836 3901 vel
853 3847 929 3917 genti
948 3847 1016 3900 utile
1033 3849 1118 3915 ratus,
1143 3848 1259 3916 supplex
1283 3862 1312 3899 se

192 3916 253 3987 regi
270 3916 378 3971 subdi
396 3916 529 3987 permisit,
548 3916 656 3971 obsides
681 3918 728 3986 qui
753 3917 960 3986 imperabantur
985 3917 1069 3985 dedit,
1094 3918 1168 3972 inter
1192 3934 1259 3987 quos
1284 3922 1312 3971 et

191 3985 280 4042 filium
304 4005 385 4041 suum
403 3988 590 4057 Theodonem,
615 3988 680 4042 data
704 3988 816 4058 insuper
839 3988 894 4044 fide
919 4006 982 4043 cum
1007 3988 1169 4045 iuramento.
1212 3988 1312 4057 Sicque

191 4058 275 4128 bello,
293 4059 368 4128 quod
385 4059 537 4114 maximum
553 4058 677 4113 firturum
689 4058 842 4129 videbatur,
861 4060 1020 4115 celerrimus
1032 4064 1073 4114 est
1084 4060 1146 4114 finis
1159 4061 1310 4130 impositus.

298 4130 351 4184 His
363 4131 484 4185 motibus
496 4129 536 4184 ita
548 4132 713 4200 compositis,
726 4130 839 4198 Sclavis,
853 4132 899 4200 qui
913 4135 1006 4185 nostra
1023 4133 1220 4186 consuetudine
1228 4131 1311 4186 Wilzi
1321 4144 1350 4186 u.
1359 4155 1377 4184 c.
1386 4145 1420 4183 12.

148 4218 174 4258 so
191 4206 385 4271 vocantur,
404 4201 507 4257 bellum
526 4202 643 4255 inlatum
668 4208 717 4259 est.
760 4201 849 4256 Causa
874 4203 943 4257 belli
967 4206 1034 4272 erat,
1058 4203 1131 4272 quod
1150 4203 1310 4269 Abroditos‚

191 4273 320 4341 quicum
337 4272 451 4327 Francis
470 4272 536 4326 olim
561 4272 677 4327 federati
702 4278 789 4342 erent,
814 4274 923 4328 assidua
948 4273 1102 4329 incursione
1126 4274 1312 4330 lascescebent

190 4486 212 4589 ιζ
231 4485 340 4580 Είᾶιὴαναι·
358 4487 422 4527 cerba
441 4487 501 4527 dieto
521 4487 639 4528 audlentes
659 4499 705 4528 non
726 4494 791 4528 erant
810 4488 846 4527 iste
865 4490 946 4529 omissa
966 4493 1023 4529 sust.
1104 4489 1128 4541 b)
1149 4485 1275 4539 temptabit
1291 4500 1309 4529 c.

190 4550 202 4579 a
228 4550 252 4579 se
286 4552 304 4581 c.
