3284 5150
28 31 314 417 s

339 1230 648 1331 ANNALES
681 1230 988 1329 ALSA'IIOI
1022 1230 1409 1329 BREVIORES.

861 1440 890 1504 1.

364 1599 636 1687 ANNALES
668 1598 1392 1686 MAURIMONASTERIENSES.

431 1762 610 1847 ‘Oripinem
641 1762 774 1828 trabunt
803 1760 911 1845 eripui
941 1760 977 1825 bi
1010 1763 1145 1827 annales
1178 1784 1199 1825 a
1230 1761 1440 1827 vetustissimo

316 1852 465 1921 Alsatiae
484 1851 637 1933 coenobio,
662 1872 755 1933 eoque
769 1850 975 1916 Benedictini
998 1851 1123 1916 ordinis
1141 1857 1283 1933 compote,
1307 1850 1439 1916 Mouri—
1459 1874 1475 1913 s

316 1940 508 2007 monasterio
524 1960 625 2023 prope
644 1940 810 2005 Tabernas
825 1939 990 2005 Alsoticos
1012 1939 1081 2004 sito.
1125 1938 1188 2022 Qui
1205 1940 1331 2021 quidem
1351 1946 1439 2004 ortus

317 2032 442 2097 abunde
453 2030 688 2095 demonstratur
699 2050 768 2095 cnm
780 2030 929 2093 abbatam
939 2028 1130 2110 nominibus,
1147 2050 1279 2111 qnorum
1294 2050 1325 2092 a.
1340 2034 1436 2093 1253.

317 2124 536 2186 et1288.est
563 2118 679 2183 mentio
701 2118 799 2199 facta,
831 2123 897 2181 tum
927 2138 961 2182 eo
990 2116 1046 2199 qui
1074 2117 1112 2183 in
1140 2117 1243 2183 codice
1265 2116 1438 2183 annalibus

312 2207 511 2291 praemissus
534 2213 579 2272 est
600 2207 708 2272 titulo:
729 2208 1028 2272 Maurismunstre.
1066 2206 1210 2272 Euarati
1232 2206 1317 2272 enim
1339 2228 1438 2271 mann

318 2297 436 2363 saeculi
461 2296 563 2362 XVI.
588 2296 734 2379 lepantnr
762 2295 800 2359 in
829 2315 894 2360 uno
920 2294 967 2377 [et
988 2293 1119 2378 coiano]
1142 2295 1245 2361 codice
1274 2296 1438 2361 cbortaceo
1458 2321 1486 2359 10

319 2386 519 2451 bibliothecae
549 2406 714 2450 caesareae
745 2383 1077 2449 Vindobonensis
1105 2391 1191 2449 9099
1224 2381 1335 2462 (antea
1364 2383 1437 2449 bist.

312 2475 401 2558 prof.
427 2477 519 2557 229),
550 2495 588 2538 ea
615 2494 675 2555 quo
705 2493 756 2538 eos
786 2479 815 2537 et
836 2472 1032 2538 Boebmerus
1061 2473 1160 2538 edidit
1186 2473 1224 2538 in
1247 2474 1343 2538 Font.
1373 2494 1437 2537 rer.

324 2562 429 2630 Germ.
455 2562 534 2642 III,
560 2585 596 2644 p.
622 2567 750 2644 8-10,
782 2568 810 2626 et
839 2560 1112 2645 Wattenbacbius,
1142 2569 1179 2628 nt
1199 2561 1242 2627 iis
1270 2569 1437 2644 uteremur,

320 2650 564 2733 transscripsit.

426 2741 592 2805 Hactenus
621 2739 683 2804 Pb.
714 2738 821 2820 Jaffe,
852 2739 908 2822 pai
942 2763 973 2805 a.
1004 2747 1099 2805 1857.
1132 2741 1278 2806 Annales
1309 2741 1484 2806 Mauri-1⁵

319 2828 582 2895 monasterienses
603 2828 640 2894 in
661 2827 859 2910 Scriptorum
882 2835 963 2893 tomo
980 2829 1104 2912 XVII,
1124 2852 1158 2912 p.
1180 2836 1239 2894 181
1252 2850 1298 2912 sq.
1322 2831 1438 2894 Monu-

320 2925 494 2984 mentormn
522 2917 716 2984 Germaniae
739 2917 847 2983 edidit.

426 3008 483 3073 Ad
511 3008 595 3073 bane
625 3029 739 3072 noram
768 3006 936 3072 editionem
961 3010 1148 3089 parandam
1178 3014 1294 3073 matum
1323 3007 1439 3074 codicis

321 3097 461 3164 benevole
490 3096 570 3161 mibi
597 3095 780 3162 transmissi
802 3095 916 3162 iterum
940 3096 1065 3177 contuli,
1096 3103 1189 3162 notas
1211 3096 1379 3162 historicas
1401 3119 1438 3160 ea

320 3187 442 3270 intepro
462 3185 623 3251 renouari.
662 3185 734 3250 Hoc
756 3185 933 3249 mammam
955 3192 1032 3266 erat,
1057 3191 1174 3250 tentam
1196 3185 1239 3250 iis
1261 3185 1439 3251 rationibus
1455 3210 1483 3249 ro

320 3276 564 3355 accommodare,
588 3274 700 3355 quibus
724 3273 761 3338 in
785 3273 1007 3339 commentario
1031 3271 1105 3338 ‘Die
1127 3274 1350 3340 Elsdssiscben
1372 3275 1438 3338 An-

320 3364 417 3428 nalen
440 3365 497 3429 der
520 3361 723 3441 Stauferreit
748 3359 852 3442 (Pars
874 3363 953 3443 III,
978 3384 1046 3445 cap.
1071 3363 1119 3428 II
1120 3415 1129 3443 ‚
1157 3360 1180 3446 ξ
1202 3365 1235 3447 1)
1259 3363 1439 3428 Annalium
1486 3417 1491 3425 .

321 3450 735 3517 Maurimonasteriensiam
769 3471 839 3514 oum
874 3451 984 3516 ceteris
1012 3452 1197 3517 Annalibus
1225 3452 1381 3518 Alsaticis
1413 3459 1441 3517 et

315 3539 487 3623 praecipue
504 3537 795 3621 Arpentinensibus
819 3560 1003 3604 consensum
1026 3541 1184 3623 explicare
1207 3548 1337 3606 conatus
1360 3563 1436 3605 sum.

428 3628 612 3693 Monacbas
633 3627 696 3708 ille,
720 3627 776 3709 qni
797 3627 836 3692 in
857 3629 1049 3694 monasterio
1071 3652 1095 3694 s.
1114 3629 1233 3695 Mauri
1255 3629 1357 3695 medio
1374 3651 1439 3695 sae·
1455 3655 1480 3695 rs

322 3716 390 3782 calo
413 3715 530 3782 decimo
554 3715 644 3781 tertio
668 3718 773 3782 breues
796 3717 856 3782 bas
878 3724 970 3782 notas
993 3718 1187 3801 consempsit,
1217 3718 1255 3783 in
1275 3718 1439 3800 prioribus

322 3805 511 3888 temporibus
533 3804 731 3870 enarrandis
753 3806 924 3888 deperditis
949 3806 1031 3889 ipsis
1046 3807 1232 3873 Annalibus
1253 3806 1440 3872 monasterii

321 3893 570 3977 Arpentinensis
598 3915 675 3958 usus
698 3901 750 3976 est,
781 3916 857 3977 qnos
880 3916 918 3960 ea
940 3896 1044 3961 coriis
1072 3896 1218 3978 reliquiis
1246 3896 1439 3961 restituimus

323 3982 395 4065 (Of.
412 3984 432 4047 l.
450 4005 476 4048 c.
496 3979 518 4066 ἕ
537 3982 585 4064 3).
628 3982 753 4064 Omnia,
778 4004 859 4065 quoe
881 4005 978 4065 usqne
1001 3987 1045 4050 od
1067 4009 1097 4051 o.
1120 3991 1215 4050 1218.
1240 4007 1309 4051 eum
1332 3986 1439 4051 ceteris

322 4071 508 4138 Annalibus
530 4071 604 4136 inde
620 4072 775 4154 profectis
798 4073 1004 4155 consentiunt,
1028 4073 1142 4139 litteris
1163 4074 1276 4140 mediis
1296 4072 1439 4153 (1111111111-
1455 4099 1478 4138 a

323 4159 405 4241 bus),
429 4181 494 4225 non
517 4159 670 4243 minimis,
696 4162 818 4226 edenda
836 4162 957 4244 cnraoi,
982 4163 1029 4228 ita
1052 4169 1157 4229 tanuen
1179 4170 1214 4228 ul
1232 4164 1372 4229 deductis
1394 4163 1438 4228 lit-

323 4249 400 4314 teris
421 4270 460 4313 ea
483 4249 741 4332 opprimerentur,
766 4271 847 4331 quae
869 4251 1247 4317 Manrimonasteriensis
1272 4254 1358 4318 solas
1379 4274 1438 4318 ser·

323 4337 417 4403 oooit.
477 4337 603 4402 Notitia
641 4361 671 4402 a.
713 4345 808 4403 1239.
843 4339 956 4422 primo
994 4343 1039 4406 od
1075 4341 1177 4423 ipsum
1214 4341 1438 4406 monasterinm

322 4448 349 4492 e.
373 4426 491 4492 Mauri
517 4426 653 4508 respicit.
