3284 5150
286 497 322 552 te
601 489 782 546 ANNALES
800 489 1092 547 MARBAOENSFS.

199 683 277 737 1187.
288 696 405 742 omnes
433 674 544 739 vicine
577 675 734 739 civitates
765 677 882 758 preter
911 673 1019 739 solam
1042 673 1169 758 Tyrum
1200 679 1407 759 expugnate,

288 765 424 848 aliaque
458 763 725 827 innumerabilia
759 765 796 828 et
829 763 989 827 inaudita
1023 765 1163 846 patrata
1191 767 1274 827 sunt
1306 763 1408 827 mala.

288 854 402 917 Huius
437 852 488 917 rei
521 852 640 916 nuncii
675 872 753 916 cnm
784 853 828 915 ad
859 851 1087 935 apostolieum
1121 853 1303 928 venissent,
1333 854 1408 936 ipse

288 943 383 1026 prius
407 962 467 1026 per
490 941 623 1025 legatos
648 961 727 1004 snos
749 941 834 1024 regi,
858 941 919 1023 qui
940 944 1025 1004 tunc
1048 941 1214 1024 temporis
1236 941 1273 1004 in
1288 941 1409 1006 Ytalia

287 1030 388 1106 fuitl,
414 1031 477 1095 hec
506 1030 694 1094 insinuavit
725 1032 760 1094 et
789 1028 911 1094 habito
941 1050 1043 1112 super
1069 1029 1135 1094 hoo
1166 1028 1309 1094 consilio
1339 1050 1445 1094 cars

288 1120 440 1184 dinalem
475 1119 671 1203 episcopum
703 1117 977 1196 prenestinuw,
1008 1118 1118 1182 virum
1150 1119 1341 1202 sapientem
1372 1123 1409 1183 et

289 1209 519 1292 eloquentem,
544 1208 589 1270 ad
613 1209 676 1271 hec
701 1206 983 1270 annunciandum
1006 1207 1141 1270 cunctis
1171 1211 1208 1272 et
1237 1207 1282 1271 ad
1312 1228 1409 1291 expe-

289 1299 456 1362 ditionem
487 1296 753 1359 transmarinam
784 1296 1028 1378 predicandam
1059 1295 1168 1373 misit,
1199 1297 1409 1361 auctoritate

288 1386 354 1450 sibi
393 1405 569 1462 concessa,
608 1388 649 1448 nt
687 1386 894 1466 quicumque
933 1405 1069 1448 crucem
1107 1385 1262 1468 accipere
1302 1385 1409 1450 vellet

288 1475 440 1539 omnium
482 1477 699 1558 peecatorum
736 1473 971 1538 remissionem
1008 1477 1043 1538 et
1077 1473 1333 1557 indulgentiam
1367 1494 1410 1538 ex
1430 1497 1460 1535 ro

289 1567 387 1648 parte
411 1563 478 1628 Dei
506 1563 572 1627 sibi
601 1563 830 1647 promitteret.
878 1561 945 1626 Sed
969 1561 1036 1626 Dei
1065 1562 1245 1626 voluntate
1274 1562 1409 1626 factum

228 1673 279 1712 oa.
289 1657 351 1730 est,
376 1653 467 1735 quod
492 1653 613 1716 eodem
631 1655 786 1735 tempore
803 1651 894 1714 circa
909 1651 989 1714 Kal.
1006 1650 1207 1715 Decembris
1222 1651 1410 1735 imperator

290 1742 482 1824 Argentine
506 1740 634 1805 curiam
659 1739 843 1804 habiturus
866 1738 973 1803 erat³.
1019 1740 1075 1803 Ad
1098 1761 1201 1822 quam
1229 1760 1307 1804 oum
1339 1759 1410 1824 pre

290 1831 404 1895 dictus
434 1830 570 1912 legatus
600 1829 716 1892 venire
745 1826 852 1892 vellet
881 1847 945 1892 nec
976 1832 1105 1912 posset,
1137 1829 1294 1912 premisit
1323 1829 1410 1893 dnos

289 1918 445 1982 nuncios.
487 1916 555 1997 Qui
577 1917 744 1982 festinato
769 1936 872 1980 cursu
895 1917 939 1980 ad
963 1918 1108 1982 eandem
1132 1918 1263 1981 curiam
1286 1939 1410 1982 venere
1430 1939 1460 1978 15

291 2010 326 2071 et
350 2009 508 2090 presente
539 2007 746 2090 imperatore
776 2004 921 2088 aliisque
951 2006 1165 2090 principibus
1196 2010 1232 2071 et
1262 2007 1412 2070 maxima

290 2095 515 2160 multitudine
539 2094 686 2160 aliorum
709 2094 958 2160 lacrimabilem
982 2115 1043 2160 sue
1065 2095 1251 2178 legationis
1272 2116 1411 2160 oausam

290 2187 516 2269 exponentes,
553 2185 597 2248 ad
628 2183 737 2248 crucis
772 2185 1026 2266 susceptionem
1061 2187 1132 2248 tam
1167 2185 1411 2268 imperatorem

290 2295 394 2356 quam
418 2272 504 2338 alios
528 2273 706 2337 adhortati
729 2276 819 2336 sunt.
861 2272 929 2336 Sed
953 2293 1031 2337 cum
1047 2273 1156 2336 nichil
1174 2273 1410 2356 proiecissent,

290 2364 409 2426 statim
448 2363 601 2427 eiusdem
640 2361 791 2428 civitatis
829 2362 1010 2445 episcopus
1048 2362 1235 2426 Heinrious
1272 2361 1411 2426 nomine
1429 2384 1462 2422 ao

291 2455 410 2516 sancto
434 2451 575 2515 afflatus
599 2451 723 2533 spiritu
746 2447 848 2512 tanta
876 2450 1042 2514 facundia
1072 2453 1108 2515 et
1137 2451 1309 2515 suavitate
1338 2471 1411 2533 per·

291 2539 412 2617 oravit,
437 2540 528 2623 quod
551 2538 625 2604 fere
653 2538 806 2602 omnium
837 2539 896 2621 qui
926 2538 1071 2605 aderant
1103 2542 1234 2604 mentes
1264 2539 1308 2603 ad
1338 2543 1411 2603 tam

291 2630 428 2693 salubre
452 2630 519 2693 iter
542 2628 711 2692 accendit.
764 2627 836 2690 Diu
866 2630 984 2692 tamen
1014 2630 1148 2693 cunctis
1178 2628 1412 2694 hesitantibus

291 2722 327 2783 et
372 2716 470 2781 nullo
516 2737 652 2781 erucem
691 2716 899 2800 accipiente,
946 2717 1087 2799 qnidam
1132 2717 1231 2782 miles
1272 2718 1411 2782 nomine

292 2807 450 2890 Syfridns
481 2806 575 2870 dives
605 2808 641 2869 et
671 2808 856 2869 strennuus
887 2806 930 2870 de
961 2806 1245 2871 ministerialibus
1276 2807 1411 2871 comitis
1429 2829 1460 2868 11

291 2894 431 2959 Alberti
465 2895 507 2959 de
537 2894 760 2979 Tagesburch
795 2896 926 2978 primus
956 2896 1100 2959 accessit
1135 2898 1171 2959 et
1201 2916 1337 2959 crucem
1367 2895 1410 2959 ab

291 2984 451 3068 episcopo
486 2984 641 3067 sumpsit.
701 2983 828 3048 Statim
864 2984 1024 3068 episcopo
1058 2983 1219 3067 spiritum
1252 2987 1410 3048 sanctum

289 3074 444 3157 incepto:
470 3071 551 3137 Veni
573 3078 680 3137 000010
704 3070 869 3153 Spiritus*
894 3074 1076 3149 invitante,
1106 3076 1207 3138 tanto
1234 3073 1351 3136 studio
1375 3077 1411 3137 et

289 3163 488 3245 frequentia
526 3166 760 3238 accesserunt,
800 3162 893 3244 qnod
928 3162 1109 3246 episcopus
1143 3166 1179 3226 et
1213 3162 1317 3225 multi
1350 3161 1410 3225 alii

290 3251 407 3315 clerici
429 3252 487 3313 vix
511 3252 559 3314 eis
583 3251 627 3314 ad
651 3270 768 3314 cruces
792 3250 993 3314 tribuendas
1021 3251 1180 3315 sufficere
1210 3254 1457 3334 potueruntne

290 3339 468 3418 Quantum
492 3338 710 3403 lacrimarum
735 3342 771 3401 et
794 3338 985 3420 gemituum
1010 3340 1060 3404 ibi
1087 3341 1130 3404 ab
1161 3340 1321 3403 omnibus
1350 3339 1410 3422 qui

289 3430 434 3493 aderant
457 3426 632 3511 prolatum
656 3428 711 3503 sit,
735 3427 854 3491 nullus
882 3448 993 3492 sermo
1023 3428 1195 3512 explicare
1225 3428 1328 3505 valet,
1358 3429 1410 3492 ita

288 3517 380 3600 quod
403 3536 467 3581 nec
490 3516 564 3598 ipse
587 3516 775 3598 imperator
798 3538 818 3579 1
841 3516 992 3581 lacrimis
1016 3537 1051 3581 se
1075 3516 1249 3582 abstinere
1269 3516 1408 3600 *potuit
1427 3542 1463 3590 *a
1473 3543 1526 3585 164.

290 3605 358 3684 Qui
382 3606 487 3669 etiam
511 3605 630 3668 eadem
654 3604 739 3668 hora
763 3625 900 3669 crucem
923 3605 1122 3689 accepisset,
1139 3607 1168 3669 si
1183 3627 1253 3670 non
1269 3608 1410 3689 propter

288 3714 431 3759 werram
467 3713 554 3777 quae
589 3694 682 3757 inter
715 3695 830 3777 ipsum
864 3698 900 3758 et
935 3694 1133 3777 episcopum
1168 3693 1409 3759 Coloniensem
1428 3717 1455 3756 11

287 3831 309 3883 a)
324 3832 460 3871 satiarem
474 3836 552 3870 sancte
567 3832 658 3880 spiritus
673 3836 773 3871 neumata
787 3834 810 3870 in
825 3831 897 3871 0011100
911 3833 983 3871 eadem
997 3843 1063 3870 manu
1076 3834 1224 3881 superscripta
1236 3836 1294 3871 eunt.

289 3938 315 4008 1)
335 3939 483 3990 Heinricue
500 3953 551 3989 rea
569 3954 650 4005 usque
665 3940 702 3990 001
713 3939 792 4003 finam
804 3939 963 3993 00011187.
977 3939 1103 3991 101Ιί0110
1122 3941 1230 3993 mansa.
1262 3940 1411 4005 (10000νί100

288 4010 521 4077 110010010101000
540 4010 930 4077 01111100001010111111001
953 4007 1086 4063 Heinrioo
1104 4008 1205 4061 illustri
1226 4010 1294 4078 regi,
1321 4009 1409 4061 electo

286 4079 476 4134 Romanorum
512 4080 672 4148 imperatori
708 4080 977 4146 (Jaffc-Lriwcnfeld
1012 4080 1076 4147 1100,
1109 4086 1184 4147 pont.
1224 4098 1268 4133 nr.
1306 4082 1409 4147 160723

286 4152 344 4205 LL.
359 4152 495 4205 Constitut.
511 4152 533 4218 Ῑ,
549 4170 579 4219 p.
593 4154 666 4218 586).
738 4150 766 4220 2)
785 4152 848 4202 Non
865 4151 971 4203 Pacilus
988 4154 1124 4219 epscopus
1138 4150 1332 4203 Pracrwetinus
1350 4153 1412 4218 (qui
1427 4161 1456 4199 10

282 4228 377 4289 postea
396 4222 580 4275 61001οη1111.
596 4239 673 4291 popa
691 4223 781 4286 factm
799 4224 858 4287 001),
876 4224 921 4274 aed
938 4222 1085 4274 Heinricue
1103 4224 1255 4275 cardinalis
1272 4224 1410 4290 epiecopus

287 4294 446 4346 Albanensis
464 4295 501 4346 ad
518 4309 619 4347 crescam
633 4293 848 4361 praedicandam
866 4295 969 4360 10901101
987 4295 1147 4360 apostolicus
1164 4296 1264 4346 missus
1281 4300 1326 4348 est.
1364 4294 1408 4357 Of.

288 4366 448 4432 Cartellieri,
468 4365 588 4431 ‘Philipp
606 4364 646 4419 Π.
664 4364 783 4430 Auyuct'
802 4364 842 4430 ΙΙ,
865 4382 895 4432 p.
913 4366 1015 4432 48000.
1103 4364 1131 4434 3)
1150 4366 1191 4417 De
1208 4365 1260 4416 bac
1278 4368 1356 4416 curio
1373 4366 1408 4429 cf.

286 4437 439 4490 Historiam
452 4436 661 4501 Pereprtnorum
674 4435 724 4499 (011,
736 4434 1021 4503 00010100-8000090,
1031 4436 1164 4488 Lectione
1176 4438 1301 4502 00110000
1314 4435 1370 4502 111,
1382 4438 1407 4501 2,

282 4525 312 4575 1).
332 4509 397 4569 502)
416 4514 440 4558 et
457 4506 620 4557 Ancharium
639 4505 748 4571 (Fontes
765 4522 857 4557 rerum
875 4508 1096 4573 lacrimarum,
1114 4507 1162 4560 SS.
1179 4507 1211 4573 V,
1231 4525 1259 4574 p.
1280 4509 1334 4573 12).
1426 4515 1454 4555 so
