3284 5150
554 520 735 578 ansanus
752 522 1045 580 MARBAOENSES.
1328 525 1364 578 te

239 707 408 773 beneficio
438 706 642 772 concederet
673 710 708 771 et
740 709 891 771 castrum
915 706 1089 785 Brisache,
1121 706 1212 790 quod
1242 706 1361 770 fratris
1372 710 1450 767 11⁹8.

241 796 294 861 sui
318 795 457 861 Ottonis
479 795 559 873 fuit,
592 795 725 862 destrui
753 796 869 861 facere
899 794 1041 861 deberet
1069 795 1125 860 rel
1156 816 1218 879 pro
1249 799 1361 859 castro

239 885 347 949 trium
377 884 512 948 milium
541 905 734 949 marcarum
764 883 831 949 sibi
861 883 998 949 debitor
1028 887 1127 962 esset,
1159 886 1195 948 et
1225 885 1291 948 hoc
1320 887 1362 947 ut

240 975 347 1052 fieret,
386 974 455 1038 iam
494 973 605 1038 dictos
639 973 846 1038 mediatores
880 973 1018 1039 obsides
1052 974 1167 1050 daret;
1206 994 1291 1055 quos
1326 975 1362 1037 et

208 1063 348 1128 adedit.
401 1063 481 1147 Ipse
511 1082 591 1127 vero
621 1062 814 1127 hominium
845 1062 912 1126 sibi
940 1062 1082 1140 faciens,
1114 1061 1294 1127 consilium
1326 1064 1363 1126 et

145 1179 150 1188 ·
240 1152 408 1216 auxilium
442 1172 504 1235 pro
535 1152 635 1235 regni
667 1151 863 1217 retentione
898 1150 964 1215 sibi
1001 1151 1154 1215 laturum
1192 1150 1361 1234 promisit.

239 1240 329 1304 Nam
353 1241 435 1305 dum
459 1240 588 1323 prefati
611 1240 783 1324 principes
799 1239 943 1305 Colonia
967 1240 1115 1305 eundem
1132 1239 1461 1310 Bertholdumruaa.)

240 1328 422 1413 eligerent,
453 1328 646 1413 Phylippus
675 1329 768 1413 apud
799 1328 1062 1395 Franlrenuirrt1
1092 1329 1136 1393 de
1166 1327 1243 1392 aliis
1273 1328 1362 1413 prin·

240 1418 376 1503 cipibus
400 1418 531 1483 electus
554 1418 635 1481 fuit.

195 1532 221 1571 ro
345 1506 467 1571 Multis
491 1526 573 1590 ergo
597 1506 788 1571 letantibus
809 1510 846 1572 et
862 1527 982 1591 pacem
998 1508 1227 1591 sperantibus,
1243 1526 1360 1571 rursus

239 1596 411 1680 principes
457 1596 517 1679 qui
555 1595 786 1661 Bertholdum
832 1596 1010 1681 elegerant
1053 1596 1164 1659 filium
1203 1594 1361 1660 Heinrici

238 1686 413 1767 quondam
451 1684 549 1749 ducis
584 1684 731 1749 Saxonie
770 1689 806 1749 et
844 1706 886 1750 ex
920 1704 1034 1749 sorore
1068 1684 1236 1750 Richardi
1269 1684 1360 1767 regis

238 1773 391 1857 Anglie²
427 1774 566 1838 nomine
601 1772 776 1850 Ottonem,
816 1774 876 1857 qui
914 1794 1027 1839 comes
1065 1774 1136 1837 fuit
1173 1772 1360 1850 Pictavie3,

238 1882 358 1945 regem.
377 1862 538 1927 fecerunt
561 1865 664 1946 atque
685 1861 850 1927 Oolonie⁴
873 1883 952 1927 eum
975 1864 1012 1926 in
1034 1882 1152 1945 regem
1175 1865 1443 1931 unxeruntaun.)

195 1971 222 2013 ro
239 1950 394 2014 Audiens
418 1953 534 2016 antem
558 1951 750 2036 Phylippns
772 1952 865 2035 regis
886 1950 1026 2016 Ottonis
1051 1951 1254 2016 electionem
1275 1949 1360 2015 COO

240 2038 368 2103 milites
392 2059 471 2103 cum
494 2040 612 2104 multis
641 2039 718 2104 aliis
748 2040 924 2105 scutiferis
946 2040 1156 2123 Aquisgrani
1186 2040 1290 2117 misit,
1321 2042 1362 2103 ut

240 2130 415 2210 stragem
439 2126 602 2193 Ottonem
626 2128 670 2193 ab
693 2129 853 2211 ingressu
876 2129 1027 2193 civitatis
1051 2132 1208 2193 arcerent
1232 2132 1267 2193 et
1295 2128 1362 2192 sibi

240 2216 417 2280 civitatem
441 2219 476 2281 et
500 2217 615 2282 sedem
638 2217 738 2300 regni
761 2221 948 2282 servarent.
995 2217 1062 2281 Sed
1087 2216 1172 2281 Otto
1198 2237 1259 2282 rex
1283 2236 1361 2281 cum

239 2304 311 2368 suis
334 2304 550 2369 adiutoribus
572 2306 683 2390 ipsam
708 2306 883 2371 civitatem
908 2306 1045 2370 obsedit
1075 2309 1110 2371 et
1139 2306 1177 2368 in
1207 2308 1361 2388 tempore

193 2418 220 2458 ac
239 2392 380 2458 messis⁵
403 2395 495 2478 cepit
518 2396 622 2479 atque
645 2396 681 2457 in
711 2395 791 2459 sede
821 2394 922 2477 regni
950 2395 1068 2459 triduo
1098 2393 1210 2459 sedit6
1239 2393 1437 2477 ipsam-(na.)

239 2502 304 2567 qne
329 2482 505 2547 civitatem
529 2482 689 2548 fidelibus
713 2483 783 2547 suis
808 2484 1070 2551 custodiendam
1094 2482 1275 2547 commisit.

346 2570 493 2638 Interim
526 2572 719 2659 Phylippus
758 2575 946 2639 exercitum
986 2572 1153 2658 colligens
1187 2571 1362 2638 Alsaeiam

239 2661 354 2746 peciit,
377 2681 479 2727 omne
502 2662 716 2727 frumentum
741 2663 778 2726 in
806 2683 916 2728 messe
945 2663 1191 2747 pessumdedit,
1223 2661 1360 2726 Molles-

239 2751 331 2816 heim
355 2752 584 2834 expugnando
608 2752 782 2828 cremavit,
808 2752 881 2817 solo
905 2752 1074 2817 cimiterio
1094 2752 1132 2815 in
1147 2750 1360 2816 deditionem

193 2862 221 2902 ss
238 2841 388 2922 recepto,
412 2839 639 2904 Haldenburc
662 2841 852 2925 presidium
876 2841 978 2925 cepit,
1004 2841 1220 2924 cymiterium
1241 2839 1361 2924 Epiaci

239 2927 411 3011 confregit
444 2948 629 3010 omnesque
660 2929 816 2994 homines
847 2928 1111 3012 Argentinensis
1141 2929 1294 3011 episcopi
1325 2931 1361 2992 et

239 3016 375 3080 comitis
413 3016 456 3080 de
493 3016 706 3098 Tagesbnrc,
753 3017 813 3100 qui
851 3021 950 3081 erant
988 3017 1182 3082 assentanei
1221 3015 1361 3081 Ottcnis

238 3106 338 3188 regis,
363 3107 399 3170 et
421 3107 533 3169 totam
556 3104 755 3169 inferiorem
781 3104 970 3170 *Alsaciam
993 3105 1153 3170 incendio
1177 3108 1213 3168 et
1239 3105 1361 3188 rapina
1371 3126 1401 3174 *n
1410 3128 1457 3167 ue

238 3194 387 3259 vastavit
399 3193 419 3256 ⁷.

193 3305 221 3346 so
344 3283 433 3348 Inde
457 3282 645 3367 procedens
668 3282 798 3347 curiam
814 3282 998 3366 Maguntie
1022 3302 1099 3346 eum
1124 3281 1194 3346 suis
1216 3281 1359 3346 fautori·

239 3371 302 3436 bus
325 3373 363 3435 in
385 3372 620 3457 assumptione
643 3371 745 3436 beate
768 3371 879 3436 Marie
904 3371 1037 3448 habuit,
1061 3370 1122 3435 ubi
1152 3391 1173 3435 a
1201 3370 1359 3455 pluribus
1369 3393 1469 3445 aare

238 3461 451 3544 principibus
490 3461 728 3544 sollempniter
766 3459 920 3526 electus⁸
958 3482 979 3525 a
1012 3460 1213 3527 Treverensi
1251 3460 1359 3525 archi·

241 3647 267 3718 1)
292 3649 390 3711 Falsm
410 3651 543 3704 eollermis
561 3651 685 3720 Philippi
701 3653 789 3705 electio
806 3654 849 3704 dia
866 3654 892 3707 8.
911 3651 1011 3703 Mai-tii
1028 3654 1058 3703 in
1076 3653 1173 3719 oppido
1195 3651 1361 3718 Iturinpiac

239 3720 402 3772 Mulnhnsin
429 3722 503 3787 forta
530 3727 575 3776 eat.
683 3722 711 3792 2)
739 3723 878 3775 Mothiton
905 3724 1031 3786 nemim
1057 3730 1135 3790 nota,
1163 3723 1234 3789 quod
1260 3725 1290 3774 in
1317 3724 1361 3776 loia

195 3803 221 3844 so
240 3790 395 3843 Annalibus
412 3792 489 3843 nulla
507 3794 602 3846 montio
619 3794 787 3860 aeneolryiao
805 3795 836 3859 fii
860 3810 941 3861 quani
958 3794 1096 3847 chromate
1117 3810 1203 3860 capra
1224 3810 1254 3860 p.
1272 3796 1307 3848 47
1320 3810 1359 3861 aa.

240 3863 277 3913 ad
294 3878 320 3916 a.
334 3864 411 3918 1152.
430 3864 543 3918 addidit.
633 3862 661 3933 3)
686 3863 744 3917 Otto
762 3881 835 3918 anno
854 3867 932 3921 1196.
951 3865 985 3916 ab
1004 3866 1135 3918 avunculo
1155 3880 1203 3917 ouo
1221 3865 1361 3918 Richardo

239 3949 300 4000 repo
334 3936 487 3986 condatum
522 3934 659 3987 Pistoriae
693 3939 811 4003 accepim
845 3939 881 4002 cf.
916 3936 1160 3989 Boionio-Fictor
1195 3951 1240 3987 nr.
1275 3933 1360 3992 1851.

239 4005 268 4072 4)
298 4003 422 4058 Coloniae
449 4006 491 4058 dia
518 4008 543 4060 9.
571 4006 648 4056 Iunii
675 4006 733 4059 Otto
758 4008 919 4061 concinniter
944 4008 1053 4074 clocam
1081 4023 1136 4061 non
1161 4009 1289 4058 inunctus
1315 4013 1360 4062 est.

239 4077 267 4143 5)
288 4076 340 4128 Dio
359 4077 401 4132 10.
413 4077 497 4138 Iutta
514 4076 551 4141 of.
569 4076 805 4131 Bahman-lictor
822 4094 867 4133 nr.
886 4075 970 4134 19811.
1043 4080 1071 4144 tl)
1091 4079 1143 4130 Die
1162 4079 1203 4132 12.
1217 4077 1285 4129 Iulii
1303 4077 1362 4130 Otto

193 4160 222 4199 to
238 4147 411 4216 Aansprani
420 4152 563 4200 coronatas
574 4152 619 4202 eat.
683 4152 710 4218 7)
724 4148 764 4213 6).
780 4149 878 4204 Obron.
893 4149 1020 4216 Ursperp.
1033 4149 1094 4215 (SS.
1107 4149 1219 4213 XXIII,
1232 4165 1262 4216 p.
1275 4151 1361 4215 368);

240 4217 339 4274 Olenon.
358 4217 523 4274 Ebersboim.
543 4234 563 4273 o.
582 4220 618 4274 35
637 4219 698 4283 (SS.
717 4219 830 4283 XXIII,
851 4237 881 4287 p.
895 4223 970 4276 448).
1054 4220 1082 4290 8)
1108 4222 1149 4273 Da
1170 4220 1221 4272 linc
1243 4220 1361 4273 cheliom

239 4292 273 4354 es.
297 4289 462 4356 Rodniborq,
487 4289 584 4343 ‘Ueien
609 4289 774 4344 atedatrottc
798 4291 919 4344 &ababa
942 4291 1153 4357 Kdnipswoltten
1177 4294 1216 4342 im
1242 4294 1285 4346 1³.
1302 4290 1360 4346 ta!

238 4360 365 4427 (Gt‘erke,
395 4361 645 4428 ‘Untersuolsunpsn
674 4378 727 4412 aar·
753 4362 904 4415 Donucam
930 4361 1184 4429 Reoaapaeaaaa’
1212 4361 1360 4427 XXVIII)

194 4512 221 4553 a
237 4434 323 4553 pdltl.
340 4462 377 4554 -t-
393 4433 563 4570 ἢίἰέἔῖηιεε
583 4434 684 4556 ppetp'ns
709 4431 883 4560 natissptem
907 4432 935 4488 b.
954 4431 1060 4486 Mariae
1084 4435 1154 4487 diem
1179 4435 1360 4485 coronationis

239 4517 268 4553 in
288 4517 376 4566 κατα
421 4546 427 4559 .
507 4520 578 4557 mer·
609 4519 633 4554 rr
653 4519 683 4556 a·
700 4518 743 4559 ar.
825 4547 831 4559 .
