3284 5150
519 528 574 582 AN
575 527 701 583 NALES
719 526 1010 585 MARBAOENSES.
1291 522 1327 584 37

310 705 395 759 Anno
407 705 498 762 ch.
525 704 758 775 wirzeburgensis
777 709 809 760 et
825 704 958 760 Metensis
975 705 1100 774 episcopi
1120 708 1148 758 et
1159 704 1326 759 Berthcldus
1333 715 1400 756 Bes.

204 775 551 904 gdtdcdmffrldadllddaes’erffim
569 775 700 846 Rlodulfi]
725 776 806 848 regis,
831 777 861 830 in
885 775 1018 830 fidelitate
1043 777 1130 830 sancti
1149 775 1225 830 Petri
1250 776 1325 830 diem

311 931 431 988 Eodem
461 947 545 988 anno
574 930 710 988 fundata
740 934 789 988 est
818 930 1032 987 Marbacensis
1062 931 1193 1008 ecclesia
1223 929 1468 987 sanctimisrare.

169 1020 377 1094 sAugustini
399 1037 419 1076 a
445 1019 573 1076 militari
598 1022 636 1082 ,et
664 1019 779 1076 illustri
811 1020 879 1076 viro
902 1019 1086 1077 Burchardo
1116 1019 1156 1076 de
1180 1018 1325 1076 Gebeles·

204 1108 290 1165 wilre
300 1101 322 1177 1,
360 1109 450 1166 cuius
484 1109 610 1166 adiutor
643 1112 676 1166 et
714 1110 896 1182 cooperator
932 1107 1135 1165 fidelissimus
1174 1108 1326 1183 magister

204 1197 412 1272 Manegoldus
437 1196 476 1254 de
498 1189 677 1254 Lirtinbach
700 1197 804 1254 extitit
814 1191 836 1251 ².

310 1273 379 1328 Hic
403 1290 553 1342 namque
571 1273 753 1342 Manegoldus
778 1273 911 1342 magister
944 1272 1138 1328 eclesiasticam
1162 1272 1325 1344 religionem
1333 1282 1474 1325 Bealoet.

204 1345 233 1398 in
259 1344 369 1398 Alsacis
395 1344 452 1398 iam
480 1344 584 1398 dudum
612 1345 762 1398 extinctam
789 1343 901 1397 omnino
928 1289 988 1398 Deo
1016 1344 1162 1398 miserante
1190 1344 1323 1404 accendit,

157 1429 186 1468 ro
203 1415 276 1469 Nam
295 1415 478 1470 invalescente
497 1416 570 1484 apud
588 1415 649 1468 illos
668 1413 798 1468 diuturna
816 1415 993 1482 mortalitate,
1013 1432 1108 1469 omnes
1125 1432 1195 1484 pene
1207 1416 1325 1470 maiores
1408 1450 1413 1457 ·

204 1491 232 1540 ct
248 1486 380 1541 militares
398 1485 433 1540 ad
450 1487 541 1555 ipsum
563 1487 723 1540 catervatim
749 1503 903 1541 convenere
928 1489 956 1540 et
981 1486 1015 1540 de
1040 1486 1325 1540 excommunicatione

203 1575 252 1627 per
279 1561 444 1626 potestatem
469 1574 486 1610 a
513 1557 624 1611 domino
651 1574 725 1626 papa
750 1557 899 1612 Urbano
926 1557 998 1611 sibi
1025 1574 1181 1612 concessam
1207 1557 1325 1612 absolvi

204 1627 424 1685 meruerunt.
460 1627 541 1682 Unde
560 1632 589 1682 et
606 1645 735 1698 magnam
757 1627 890 1683 invidiam
916 1628 968 1682 sibi
994 1628 1067 1697 apud
1092 1628 1325 1682 scismaticos

204 1699 341 1769 excitavit,
360 1699 449 1754 adeo
475 1699 569 1767 quod
595 1699 687 1769 apud
705 1698 893 1770 H[einrieum]
913 1702 1105 1754 accusatus
1130 1700 1165 1754 ab
1191 1715 1230 1754 eo
1256 1698 1435 1753 ali-occu

157 1783 184 1823 1⁶
204 1771 350 1839 quandiu
369 1771 495 1825 detentus
515 1770 593 1826 fuit.

310 1841 488 1910 Sequenti
513 1858 604 1895 anno
623 1840 789 1895 Altmannus
808 1839 977 1896 Patavieusis
996 1840 1138 1910 episcopus
1155 1845 1219 1911 post
1236 1841 1434 1894 multaturoar.

203 1913 325 1981 pericula
345 1913 404 1983 [eta
421 1912 523 1982 exilia],
543 1929 595 1981 que
608 1930 658 1981 pro
672 1911 779 1966 Christo
792 1913 927 1980 sustinuit,
947 1913 1041 1966 obiit
1061 1913 1149 1966 etin
1168 1912 1324 1967 cenobio

203 1978 468 2036 suoKdtewico
487 1986 607 2036 monte
626 1983 812 2052 sepultus⁸
828 1982 1002 2037 miraculis
1018 1984 1178 2054 claru[it].
1206 1983 1323 2052 Ilpso⁸

204 2055 310 2123 anno]
335 2055 364 2107 in
389 2053 546 2107 Teutonicis
571 2054 694 2122 partibus
720 2070 784 2107 caro
810 2071 873 2107 cum
898 2054 1029 2124 sanguine
1053 2054 1132 2123 pluit,
1158 2057 1186 2108 et
1209 2054 1325 2108 bufones

158 2139 186 2178 ao
204 2141 267 2178 cum
286 2124 405 2192 piscibus
424 2124 482 2178 celo
496 2123 662 2191 ceciderunt,
681 2125 745 2194 [eta
760 2124 879 2194 sanguis]
898 2124 932 2179 de
944 2125 1061 2193 panibus
1072 2125 1159 2178 fluere
1170 2124 1324 2180 videbatur.

311 2195 395 2249 Anno
416 2194 527 2248 Domini
552 2193 675 2249 MXOII.
718 2194 861 2264 Principes
886 2194 1051 2249 Alemannis
1076 2195 1112 2248 ad
1136 2195 1325 2249 defensionem

204 2270 297 2321 sancte
315 2265 410 2319 matris
429 2266 543 2320 ecclesie
562 2265 728 2320 unanimiter
746 2270 933 2319 convenerunt
951 2266 1058 2334 sibique
1070 2266 1105 2319 ad
1117 2265 1170 2319 hoc
1182 2265 1325 2334 negotium

203 2336 393 2406 exequendum
423 2337 538 2391 fratrem
569 2336 778 2391 Gebehardi
806 2335 1020 2391 constantiensis
1051 2336 1172 2406 episcopi
1198 2334 1325 2390 Berthcl·

204 2409 270 2463 dum
289 2408 331 2462 de
348 2407 532 2478 Zeriugen
551 2407 650 2462 ducem
670 2408 759 2461 tocius
778 2405 878 2461 Suevie
903 2407 1111 2476 constituerunt,
1131 2407 1177 2476 qui
1201 2406 1324 2460 nondum

158 2492 185 2532 ac
203 2479 334 2534 ducatum
353 2480 472 2548 aliquem
489 2479 594 2548 habuit,
620 2478 670 2532 etsi
694 2479 750 2533 iam
776 2477 882 2532 dudum
905 2495 1008 2532 nomen
1033 2478 1109 2532 ducis
1134 2478 1235 2533 habere
1260 2494 1324 2532 con·

203 2551 329 2607 sueverit.

309 2635 369 2692 Hic
398 2634 547 2708 preterito
578 2650 662 2691 anno
696 2634 730 2691 in
763 2633 888 2709 proprio
923 2634 1038 2691 allodio
1067 2634 1231 2709 Brisaugie
1261 2632 1469 2690 Fri-ram.

204 2723 303 2781 burch
326 2723 488 2781 civitatem
510 2722 653 2781 iniciavit
662 2716 684 2781 ⁴.

309 2816 395 2886 Ipso
418 2833 508 2871 anno
527 2798 643 2871 Dlricus
664 2816 860 2887 Augustensis
880 2817 1042 2885 prepositus
1066 2821 1149 2886 post
1173 2821 1401 2871 mortemees.

161 2919 187 2959 so
205 2903 438 2974 [Alemannis]
460 2903 574 2957 Patavie
597 2906 747 2973 episcopus
770 2905 947 2973 ordinatur;
972 2901 1027 2973 qui
1049 2900 1176 2957 Austris
1199 2900 1234 2957 in
1256 2901 1325 2958 loco

204 2986 259 3044 ubi
296 2987 425 3043 Tresme
463 2986 579 3043 fluvius
617 2986 800 3043 Danubium
835 2987 944 3044 influit
979 2979 1252 3060 [monasterium]
1291 2990 1326 3046 in

204 3076 322 3133 honore
352 3076 453 3197 {ancti
483 3062 644 3149 Gregoriib
676 3074 853 3143 edificavit,
886 3074 940 3131 ubi
970 3076 1128 3150 regulares
1157 3076 1326 3133 canonicos

203 3164 342 3221 instituit
366 3204 373 3219 .

161 3380 186 3420 ³⁵
203 3332 299 3424 ἲὲυοὸω
314 3331 435 3421 stillum
451 3332 532 3370 odeas
548 3331 630 3380 suppl,
648 3330 718 3377 fontes
736 3334 755 3369 et
773 3331 887 3369 editionem
905 3330 1026 3369 mzmanstt
1043 3334 1132 3371 secutus.
1214 3332 1237 3380 b)
1255 3331 1287 3369 tta
1306 3342 1325 3371 c.

225 3396 248 3424 co
284 3394 362 3433 cergi.

205 3506 231 3577 1)
251 3508 293 3572 Cf.
312 3510 437 3561 notitiam
456 3506 657 3561 Maroacensem
679 3524 746 3575 quae
769 3509 799 3559 la
816 3508 900 3561 codice
918 3507 1088 3559 Etneicllcnei
1103 3524 1148 3563 nr.
1161 3508 1222 3563 628.
1241 3524 1326 3560 mono

204 3594 269 3631 caco.
282 3579 361 3634 XIV.
379 3581 410 3631 in
427 3580 551 3645 marpissa
568 3581 672 3645 scripta
689 3584 743 3631 est:
761 3576 844 3631 Anno
863 3577 976 3631 Domini
992 3576 1083 3632 Mxo
1113 3576 1264 3647 Fund[ata]
1285 3582 1327 3631 est

204 3647 391 3702 Morbacensis
415 3649 529 3703 ecelesia
555 3649 660 3719 slancti]
686 3648 837 3718 Augustini
864 3666 881 3701 a
907 3648 996 3701 milite
1020 3647 1083 3704 Ber.
1109 3648 1326 3720 G[ebe]liswiler.

205 3719 260 3785 (Of.
273 3719 447 3772 Monumcoto
458 3721 703 3788 Erphesfuitcnsia
719 3722 758 3773 ed.
771 3719 991 3787 Hellas-Emer
1001 3738 1031 3787 p.
1045 3722 1119 3783 517).
1149 3719 1229 3772 Hunc
1240 3722 1327 3773 locum

163 3804 189 3843 to
205 3794 229 3841 el
245 3796 390 3855 sequentem
411 3799 424 3856 (
446 3794 499 3850 ,4)
520 3792 705 3858 omsynosime
722 3808 745 3845 v.
764 3793 795 3845 cl.
816 3790 846 3845 0.
864 3791 1086 3858 Homer-aner
1102 3792 1173 3843 milri
1189 3792 1327 3848 imenso.

205 3861 233 3927 2)
261 3860 302 3911 Dc
325 3859 483 3928 Mancqoldo
509 3865 543 3927 cf.
567 3862 675 3915 Endres
702 3864 733 3914 in
757 3862 948 3915 ‘Histostscbes
972 3860 1115 3914 Jahrouoo
1139 3862 1188 3913 der
1214 3862 1328 3915 corree-

203 3930 382 3998 qeuocoaft’
410 3931 505 3997 XXV,
531 3950 561 4000 p.
588 3934 640 3989 168
657 3948 714 4000 sqq.
822 3932 850 4002 3)
883 3933 923 3998 Of.
953 3933 1042 3985 Vitam
1071 3933 1215 3985 Altmonnt
1243 3948 1263 3987 o.
1290 3935 1326 3989 31

204 4002 266 4067 (SS.
285 4002 353 4070 XII,
375 4018 405 4069 p.
424 4005 498 4062 239).
577 4006 605 4071 4)
628 4004 669 4069 Cf.
688 4005 811 4057 notitiam
829 4004 883 4059 cod.
902 4004 1082 4056 Elnstcllencie
1102 4021 1147 4059 nr.
1165 4005 1226 4059 628.
1250 4004 1268 4059 l.
1288 4019 1327 4059 u:

204 4072 288 4125 Anno
307 4071 419 4126 Domini
437 4070 544 4129 MXOI.
575 4072 751 4144 Ber[tholdus
768 4073 812 4145 de]
832 4073 968 4144 Zeringen
986 4072 1044 4127 dux
1059 4072 1185 4144 Swlevie]
1204 4073 1327 4128 iniciavit

163 4158 188 4198 co
205 4143 346 4197 civitatem
372 4142 514 4214 [Frqburk
538 4144 568 4196 in
592 4143 785 4215 Brizlrgd[we].
829 4146 896 4198 Inde
919 4152 994 4214 patet
1018 4146 1088 4197 hanc
1114 4148 1269 4199 relationem
1296 4146 1328 4199 dc

204 4216 292 4269 initiis
318 4217 435 4269 civitatee
458 4215 607 4283 Frtdurcls,
636 4233 719 4283 quam
743 4217 848 4282 Hcyck,
871 4217 1032 4269 ‘dococto
1058 4218 1107 4270 der
1130 4217 1251 4284 Hcrzoyc
1277 4232 1327 4269 oon

205 4285 372 4353 Ztlsrinyen'
384 4304 413 4353 p.
427 4289 488 4343 587.
501 4288 585 4355 plane
599 4288 721 4352 refellere
732 4295 842 4341 moetus
853 4295 899 4354 est,
912 4290 994 4341 mubo
1005 4290 1118 4341 maioris
1130 4289 1327 4342 aestimandam

205 4372 266 4412 esse.
357 4358 385 4427 b)
412 4359 453 4411 De
479 4359 637 4423 fundatione
661 4361 818 4412 monasterti
840 4376 862 4414 a.
885 4359 997 4425 Georqti
1019 4361 1094 4427 apud
1116 4360 1266 4412 Treismam
1283 4358 1326 4428 bf.

201 4429 372 4495 maelium
395 4429 517 4482 Udalrict
540 4431 703 4498 episcopide
727 4446 799 4483 anno
818 4431 889 4486 1112
913 4430 1038 4496 (‘Arclriv
1056 4432 1109 4495 sar
1126 4431 1226 4483 Konde
1242 4432 1327 4481 deler-

164 4512 190 4553 oo
204 4500 363 4553 rochester
382 4500 647 4569 Geeelicltequdlm'
663 4500 717 4568 IX,
738 4518 768 4569 p.
787 4503 862 4567 239).
