3284 5150
344 501 380 555 32
659 492 843 550 auratus
860 491 1152 549 maurenasca.

199 687 263 726 cesta
272 674 464 728 rriuconuhia
494 673 529 727 ab
561 671 658 727 eodem
694 671 826 742 pontifice
861 669 978 725 inhibita
1011 670 1136 739 fuerant,
1171 670 1336 726 inflammati
1372 673 1476 728 volun-

345 744 398 798 tati
424 743 554 814 principis
582 743 758 799 accedebant.
804 741 871 796 His
900 742 986 824 igitur
1012 742 1228 796 acclamantibus
1255 743 1353 798 electio
1381 743 1476 798 Gre-

345 816 444 886 gorii
470 831 559 884 pape
583 815 619 868 ab
647 815 686 868 eis
711 813 842 869 cassanda
865 814 1012 881 iudicatur,
1036 817 1072 866 et
1095 812 1252 868 Gwihsrtus
1276 813 1476 869 Ravennaten-

269 887 416 940 aern.sium
435 886 590 954 quondaml
615 885 843 954 archiepiscopus,
868 885 929 952 qni
952 884 1028 938 iam¹
1052 884 1170 938 triennio
1195 902 1213 938 a
1235 902 1309 954 papa
1332 885 1475 955 Gregorio

346 957 601 1026 inrecuperabiliter
615 956 761 1027 depositus
780 960 808 1009 et
826 954 1078 1010 anathematizatus
1089 955 1230 1024 tuerat,
1248 973 1305 1010 non
1317 957 1346 1010 in
1357 974 1472 1027 papam,
1493 973 1513 1013 o
1622 962 1623 971 ’

199 1024 394 1082 “mast“hsed
428 1029 457 1081 in
486 1027 687 1082 heresiarcham
721 1027 872 1098 eligitur,
903 1026 1107 1095 Gregoriusque
1137 1027 1173 1080 ab
1205 1027 1272 1096 ipsis
1304 1027 1474 1097 pseudomo-
1622 1032 1623 1041 ’

243 1076 263 1124 1,
275 1077 295 1116 ¹⁰
345 1099 449 1152 nachus
466 1100 511 1154 rel
528 1099 744 1169 nigromanticus
766 1097 921 1167 appellatus
938 1095 1107 1153 exsufflatur.
1144 1096 1227 1153 Unde
1245 1099 1386 1152 communi
1404 1116 1473 1153 oon·

345 1171 406 1224 silio
424 1171 616 1240 prenominato
634 1168 761 1239 pontifici
779 1169 913 1238 scriptum
932 1167 1063 1223 conviciis
1080 1172 1109 1222 et
1120 1167 1336 1224 detractionibus
1353 1170 1474 1239 plenum

345 1241 464 1312 dirigere
491 1246 723 1310 presumpserunt,
750 1241 822 1294 inter
849 1245 941 1294 cetera
964 1238 1101 1293 dicentes:
1130 1241 1206 1293 Sicut
1232 1248 1341 1294 adesus
1366 1242 1475 1294 sclebas

344 1315 438 1379 dicae,
456 1315 526 1380 quod
543 1314 634 1366 nudus
648 1318 771 1366 nostrum
783 1317 848 1365 earet
865 1315 949 1380 apsaro
1000 1314 1068 1378 ,sta
1082 1313 1164 1377 suas,
1183 1313 1473 1378 puodaulls'nostmm
1493 1330 1526 1368 rc
1622 1362 1623 1373 ,

196 1386 465 1452 Βινιι.ιοεο.ᾱιι“ηωρε
495 1387 550 1436 esis
579 1385 745 1451 apostolicas.
790 1381 912 1452 Igitur
969 1381 1087 1435 einricus
1115 1385 1245 1436 contra
1271 1382 1473 1439 Rudolium

344 1455 374 1507 in
392 1454 540 1509 Saxoniam
558 1454 780 1509 exercitum
798 1453 962 1520 ducens,
987 1469 1117 1522 pugna
1141 1455 1350 1523 congressi
1367 1458 1471 1522 aunt,

344 1529 380 1580 et
404 1525 623 1580 Heinricus
650 1525 749 1579 itinere
779 1525 860 1578 unius
889 1523 946 1578 diei
972 1523 1099 1594 fugatur,
1129 1525 1254 1592 quamvis
1280 1524 1310 1578 in
1337 1541 1377 1578 ea
1402 1542 1470 1579 con·

344 1597 483 1667 gressione
500 1596 637 1653 liudolfus
656 1601 833 1664 tamqnam
851 1595 921 1648 alter
938 1593 1107 1648 Machaheus
1125 1595 1294 1652 occubuerit.
1329 1595 1472 1667 Regnavit

197 1671 438 1722 cacuminantem
461 1672 517 1722 tres
541 1669 667 1738 [annosa]
692 1672 720 1720 et
744 1665 899 1734 dimidium,
924 1666 971 1719 et²
995 1665 1024 1719 in
1048 1666 1163 1740 ecclesia
1185 1666 1365 1720 Merseburoh
1389 1668 1520 1738 regions

268 1751 334 1790 nm.
345 1741 421 1793 cultu
433 1740 571 1809 sepelitur,
589 1737 798 1808 propugnatcr³
815 1742 909 1790 sancte
924 1737 1064 1808 ecclesiae,
1081 1741 1161 1805 pater
1171 1737 1261 1806 patrie
1278 1742 1312 1792 et
1328 1742 1470 1792 amator

197 1805 458 1866 (imam-iusticie.
503 1810 604 1863 Fertur
631 1809 665 1864 de
692 1809 721 1862 H
728 1807 885 1878 einrico,
912 1807 1002 1876 quod,
1029 1825 1093 1862 cum
1121 1809 1226 1877 pacatis
1255 1808 1394 1878 paulisper
1423 1809 1470 1863 his

241 1859 293 1908 '²⁷'
344 1881 512 1936 sedicionem
542 1878 682 1935 motibusb
717 1878 752 1933 ad
782 1878 937 1948 predictam
964 1879 1108 1952 ecelesiam
1138 1878 1319 1934 Merseburoh
1347 1879 1469 1934 venisset

343 1951 437 2020 ibique
464 1951 602 2021 prefatum
629 1948 782 2004 Rildolfum
809 1950 886 2004 velut
912 1967 1007 2020 regem
1033 1950 1180 2004 humatum
1206 1949 1326 2017 vidisset,
1355 1951 1467 2005 cuidam

344 2022 453 2090 dicenti,
479 2039 528 2076 cur
549 2039 620 2090 eum,
648 2023 696 2090 qui
723 2038 773 2075 rex
795 2038 851 2074 non
874 2020 973 2089 fuerat,
997 2020 1074 2075 velut
1091 2021 1180 2090 regali
1196 2021 1303 2076 honore
1328 2023 1467 2091 sepultum
1488 2041 1517 2078 sc

344 2094 433 2148 iacere
451 2093 631 2162 permitteret,
650 2093 764 2146 dixerit:
785 2091 909 2146 ‘Utinam
927 2109 1022 2146 omnes
1039 2092 1144 2146 inimici
1160 2093 1217 2146 mei
1234 2096 1293 2146 tam
1314 2092 1468 2148 honorifice

342 2165 489 2219 iacerenti'

328 2278 333 2289 .
450 2235 535 2290 Anno
552 2235 665 2289 Domini
682 2233 849 2291 MLXXXI.
885 2233 1028 2304 Principes
1050 2233 1129 2303 regni
1147 2233 1383 2289 Theutonicornm
1401 2252 1466 2289 con-

342 2311 429 2362 ventu
446 2307 519 2361 facto
538 2305 730 2360 Hermannum
748 2305 871 2359 nobilem
889 2305 980 2359 virum
998 2305 1049 2359 sihi
1064 2306 1094 2358 in
1111 2323 1126 2358 r
1161 2323 1206 2359 em
1224 2310 1385 2360 creante.
1411 2305 1467 2375 Qui

343 2378 436 2431 statim
455 2379 488 2432 de
507 2377 604 2432 eodem
623 2381 761 2432 conventu
779 2377 868 2430 aciem
886 2380 982 2430 contra
999 2376 1120 2430 fautores
1163 2376 1259 2430 einrici
1271 2376 1380 2432 direxit.
1407 2376 1466 2446 Ipsi
1486 2395 1514 2434 aa

343 2449 417 2502 enim
443 2449 606 2502 electionem
632 2449 689 2502 eius
710 2447 845 2516 impedire
862 2447 985 2501 volentes
1009 2448 1158 2501 maximam
1176 2447 1382 2502 multitudinem
1401 2464 1465 2501 con·

342 2522 509 2588 traxerant,
527 2519 576 2574 sed
593 2535 666 2572 novo
683 2536 750 2588 rege
763 2535 797 2571 ex
809 2518 948 2587 inproviso
965 2519 1087 2572 irruente
1106 2535 1201 2572 omnes
1215 2518 1326 2589 penitus
1338 2524 1387 2572 aut
1398 2519 1466 2574 cede

341 2591 473 2660 prostrati
500 2595 564 2645 sunt
591 2595 639 2643 aut
665 2590 883 2644 irrevocabiliter
909 2590 1006 2660 fugati.
1041 2590 1104 2644 Rex
1129 2590 1235 2661 igitur
1261 2590 1297 2645 de
1323 2591 1464 2659 triumpho

342 2660 507 2716 certificatus
525 2662 623 2717 eadem
640 2665 722 2715 nocte
739 2662 768 2714 in
787 2678 885 2729 campo
902 2660 1017 2716 victorie
1036 2666 1125 2715 castra
1142 2665 1261 2716 metatus
1276 2666 1318 2715 est
1330 2666 1358 2716 et
1369 2667 1465 2731 postea

342 2732 378 2786 ad
396 2732 598 2803 subiugandum
617 2732 670 2786 sibi
688 2749 805 2801 regnum
824 2732 852 2786 di
929 2750 961 2786 us
979 2737 1028 2788 est.
1482 2752 1511 2791 ao

448 2804 533 2857 Anno
545 2804 656 2858 Domini
667 2802 781 2857 MLXX
876 2848 882 2859 .
908 2802 1301 2871 RexOonstantinopolitanus
1316 2802 1464 2858 maximam

341 2875 487 2944 pecuniam
503 2874 636 2929 Heinrico
655 2875 793 2943 quondam
816 2875 876 2944 regi
892 2874 1052 2942 transmisit,
1073 2880 1104 2927 ut
1121 2872 1277 2928 Rfihertnm
1290 2874 1463 2928 wiscardum

342 2946 440 2999 ducem
453 2944 580 3000 Calabris
592 2951 620 3001 et
632 2946 742 3015 Apulia,
760 2946 934 3000 coniuratum
945 2946 1062 2999 militem
1074 2944 1179 2998 domini
1190 2962 1271 3014 pape,
1289 2946 1319 2997 in
1330 2946 1464 3000 ultionem

342 3018 464 3071 ciusdem
482 3017 555 3087 regis
573 3017 647 3071 bello
666 3020 816 3088 appeteret.
853 3016 926 3071 Nam
944 3015 1084 3070 Rfihertus
1107 3015 1289 3070 iamdudum
1305 3015 1374 3069 fines
1393 3016 1463 3070 Ocn-

341 3089 603 3158 stautinopolitanos
630 3089 743 3158 invasit,
773 3088 930 3156 iterumque
955 3088 1021 3142 illuc
1048 3086 1255 3156 expedicionem
1279 3104 1390 3141 movere
1409 3088 1462 3141 dis·
1479 3105 1507 3146 se

243 3172 272 3220 'f'
284 3173 330 3212 ¹³⁴·
342 3161 450 3285 iiiii
470 3159 535 3283 pu
552 3158 1463 3300 isin-fatastustutr‘t‘ttttstfitttfiu

451 3249 468 3283 u
553 3249 572 3283 u
625 3249 635 3284 1

341 3270 506 3356 Romanum,
526 3249 664 3372 ciperon,
691 3302 768 3356 cuius
796 3247 933 3354 ddiutorio
960 3299 1146 3355 Lateranense
1171 3300 1309 3369 palacium
1326 3299 1405 3362 ,feria
1427 3300 1461 3356 V.

343 3377 406 3426 ante
432 3372 537 3441 palmas
564 3389 628 3430 oum
655 3389 703 3427 suo
722 3372 884 3427 Rauennate
902 3370 1044 3425 Gwiberto
1071 3370 1192 3427 intravit.
1229 3370 1343 3425 Nobiles
1370 3376 1462 3425 autam

341 3442 462 3499 Romani
478 3446 572 3512 preter
589 3460 691 3512 paucos
708 3461 772 3497 cum
791 3442 903 3496 domino
921 3459 994 3511 papa
1011 3441 1165 3496 fuerunt·
1193 3443 1249 3511 qui
1271 3443 1373 3496 etiam
1391 3460 1462 3512 papa
1477 3460 1505 3499 lo

341 3514 371 3567 in
382 3514 525 3569 castellum
537 3512 632 3569 Sancti
643 3514 754 3585 Angeli,
773 3513 848 3582 quod
859 3511 962 3565 domus
974 3511 1138 3567 Theoderici
1175 3513 1284 3582 citur,
1303 3530 1332 3568 se
1349 3514 1461 3582 recepit,

341 3602 489 3653 omnesque
508 3584 660 3654 Tyberinos
685 3590 784 3655 pontes
811 3587 841 3638 et
866 3582 1001 3637 firmiores
1022 3583 1213 3638 Romanorum
1236 3584 1407 3638 municiones
1433 3585 1461 3637 in

342 3673 423 3711 snam
441 3656 560 3711 obtinuit
577 3660 755 3727 potestatem.
791 3653 829 3720 Irr¹
854 3654 900 3707 die
923 3654 1009 3723 igitur
1030 3655 1238 3709 resurrectionis
1255 3654 1405 3709 Heinricns
1426 3656 1460 3709 ab

229 3741 259 3781 u.
271 3740 330 3781 rosa.
341 3727 513 3781 heresiarcha
530 3745 580 3782 suc
598 3727 767 3797 Ravennate,
793 3726 850 3794 qui
867 3725 1038 3794 preterito
1063 3743 1148 3779 anno
1166 3744 1222 3780 non
1240 3744 1291 3796 per
1308 3725 1461 3782 Ostiensem

341 3802 370 3853 et
387 3798 573 3854 Albanensem
592 3804 621 3853 et
638 3798 820 3852 Portuensem
839 3796 990 3865 episcopos,
1015 3796 1063 3865 qui
1086 3796 1140 3851 hoc
1157 3797 1332 3867 privilegium
1350 3798 1459 3868 hahent,
1476 3814 1501 3854 as

341 3873 373 3923 ut
398 3888 500 3939 papam
524 3873 693 3937 consecrent,
720 3868 769 3923 sed
795 3884 847 3937 per
863 3866 1049 3921 Mutinensem
1071 3871 1100 3922 et
1117 3867 1290 3923 ArIciensem
1307 3868 1461 3939 'episcopos
1477 3880 1565 3929 'arsa

230 3952 258 3991 u.
270 3952 330 3993 ross.
340 3941 538 3995 intronizatus
564 3944 598 3995 et
617 3938 743 3994 Clemens
766 3939 899 3993 voestm⁴
916 3938 1041 4008 fuerat,
1065 3955 1195 3995 coronam
1218 3956 1275 3993 non
1292 3940 1389 4011 glorie,
1414 3938 1460 3993 sed

341 4064 364 4116 a)
377 4066 433 4105 deest
446 4078 465 4107 c.
533 4065 556 4117 b)
570 4064 670 4105 moribus
682 4076 701 4104 e.
776 4064 797 4115 c)
815 4069 895 4105 arcem
907 4064 931 4102 la
944 4064 1043 4113 magiae
1059 4064 1132 4103 eadm
1150 4076 1217 4104 murm
1234 4066 1332 4105 αᾶιίδειιιιι
1351 4070 1401 4105 assu
1413 4066 1458 4117 qui,

340 4120 397 4169 qued
409 4120 433 4158 s‘n
448 4120 511 4159 tuitio
525 4128 594 4158 nocue
611 4118 680 4157 lineae
696 4119 802 4166 amptum
820 4122 864 4165 αις
881 4118 975 4165 {mma
992 4129 1007 4157 c
1026 4118 1118 4158 labrom
1136 4118 1246 4167 Nectum.
1264 4120 1394 4170 suppletura,
1414 4130 1460 4158 ms

341 4174 400 4222 apud
413 4173 547 4212 Bernoldum
561 4172 678 4219 elegerunt
690 4172 795 4219 amptum
807 4171 913 4211 dascusa.
1475 4180 1499 4219 ω

342 4280 369 4350 1)
399 4278 455 4332 iam
484 4308 521 4319 -
550 4277 661 4346 eligitur
690 4278 720 4343 (l.
749 4279 779 4341 6)
809 4293 843 4329 aa·
873 4276 1008 4329 Berssoldo
1039 4277 1076 4328 ad
1109 4293 1135 4331 a.
1165 4279 1250 4345 1080,
1282 4279 1352 4331 unde
1381 4282 1459 4331 etium

341 4349 481 4418 quondam
498 4350 664 4418 desumptum
682 4355 727 4403 est.
795 4349 824 4416 2)
847 4346 1066 4415 et-sepelitur
1083 4364 1116 4401 aa
1129 4348 1231 4401 Onosis
1244 4352 1333 4403 Gestis
1344 4350 1458 4415 ursas,
1486 4378 1489 4384 ·

340 4439 362 4476 o.
375 4424 400 4476 7.
461 4420 490 4490 3)
502 4423 735 4490 propugnator-
749 4417 1097 4474 iusticieecBeraoldocd
1114 4436 1141 4475 c.
1154 4422 1232 4477 1080.
1291 4422 1322 4491 4)
1335 4419 1459 4475 Clemens

340 4495 454 4547 vocatus
471 4508 506 4545 ec
524 4490 626 4545 wau
645 4491 733 4547 Gratis
748 4490 828 4547 Fae.
845 4490 869 4558 I,
887 4506 908 4546 c,
922 4493 947 4545 1.
