3284 5150
332 469 368 524 22
648 461 831 518 ANNALES
849 461 1140 519 mercenses,

191 599 322 692 vitam.
333 643 456 698 brantur.
493 639 623 696 Accidit¹
641 644 785 708 postea,
810 643 842 694 ut
864 641 937 695 inter
954 639 1100 694 Lutolfum
1117 637 1227 693 Ottonis
1244 637 1342 708 Magni
1359 637 1467 707 filium,

228 705 287 749 ⁶³1·
335 714 381 783 qui
393 712 613 767 Alemannorum
630 711 708 781 genti
725 715 845 780 preerat,
864 716 892 765 et
904 712 962 766 eius
974 715 1104 780 patruum
1116 709 1279 764 Heinricum
1291 708 1466 763 Noricorum

334 785 434 838 ducem
453 782 572 837 oriretur
589 782 621 835 lis
640 783 788 850 odiumque
802 800 837 837 ex
854 783 1038 853 malignorum
1056 782 1200 835 hominum
1218 780 1351 838 suasione.
1381 779 1466 850 Quos

334 873 397 909 cum
415 872 478 910 rex
495 853 531 908 sd
549 853 724 908 concordiam
742 853 856 907 minime
880 869 1023 908 revocare
1046 851 1189 923 potuisset,
1215 851 1295 906 fratri
1320 851 1465 906 adiutorio

223 936 252 975 ib·
263 945 281 974 e·
290 935 323 974 13·
335 930 431 980 contre
448 924 537 978 filium
555 925 615 980 fuit.
652 923 777 994 Igitur
797 924 865 978 dnm
883 924 1023 979 contentio
1041 928 1138 979 exorus
1161 923 1192 976 in
1215 927 1326 976 tantum
1350 922 1465 976 decre·
1486 939 1504 978 5

334 997 449 1065 visset⁸‚
476 999 508 1050 ut
535 1013 591 1050 non
619 995 700 1050 aliter
725 995 778 1049 nisi
805 996 880 1050 ferro
897 995 972 1049 finiri
989 994 1131 1065 potuisset,
1160 994 1215 1047 'm
1240 994 1299 1048 acie
1316 994 1465 1062 utriusque

333 1068 418 1138 partis
431 1067 565 1135 ordinata,
577 1069 609 1120 ut
621 1067 758 1120 committi
770 1066 885 1121 deberet
896 1083 998 1136 pugna,
1010 1070 1147 1120 sanctus
1187 1065 1306 1119 delricus
1316 1068 1463 1133 assumpto

334 1138 487 1208 Hurtperto
508 1137 633 1194 Ouriensi
661 1137 790 1206 episcopo
817 1155 847 1192 se
873 1137 996 1192 modium
1023 1137 1125 1207 iniecit,
1155 1141 1191 1192 et
1219 1139 1299 1190 tanta
1325 1152 1372 1190 eos
1397 1138 1463 1188 arte

333 1209 467 1265 suadendi
486 1209 608 1278 aggressi
626 1213 698 1276 sunt,
716 1213 748 1261 ut
766 1207 848 1263 facile
865 1208 901 1263 ad
918 1208 993 1277 pacis
1012 1207 1107 1264 federa
1123 1210 1293 1264 revocarent.

441 1287 634 1366 Privignus²
656 1292 753 1349 etiam
783 1293 866 1366 regis
894 1291 1028 1349 Ernesto
1058 1291 1133 1359 dux,
1162 1289 1250 1347 filius
1275 1289 1462 1348 Adelheidis
1485 1304 1517 1343 so

334 1381 451 1457 regine,
483 1381 537 1456 qni
559 1397 616 1456 pro
638 1380 830 1449 excessibus,
860 1381 947 1456 regia
969 1380 1136 1438 maiestate
1158 1380 1235 1447 lesa,
1263 1379 1461 1454 proscriptus

336 1473 368 1528 et
397 1468 470 1544 exul
499 1468 604 1528 factus
634 1471 711 1539 erat,
746 1487 803 1545 per
832 1469 939 1544 plures
969 1485 1070 1526 annos
1100 1471 1133 1526 et
1160 1468 1305 1526 infinitos
1334 1466 1461 1524 labores

336 1558 420 1616 exilii
443 1557 493 1616 sui
515 1558 697 1633 imperatori
720 1558 913 1616 reconciliari
934 1545 1084 1616 meruith.

226 1661 255 1701 u.
265 1673 283 1702 c.
292 1662 326 1702 14.
443 1651 527 1706 Anno
539 1651 651 1706 Domini
664 1650 842 1708 Ducccuv.
874 1651 988 1706 GensU
1076 1667 1138 1704 rum
1155 1667 1219 1705 cum
1231 1650 1376 1704 innumera
1386 1651 1461 1703 mul·

336 1723 455 1794 titudine
482 1739 593 1776 omnem
610 1722 776 1778 Noricorum
803 1722 946 1792 regionem
973 1668 1143 1776 anffiubm
1170 1738 1255 1790 usque
1282 1721 1319 1774 ad
1341 1720 1461 1792 Nigrum
1483 1738 1514 1778 ro

338 1796 434 1848 silvam
461 1796 489 1846 et
514 1797 624 1862 partem
649 1793 791 1862 provincie
816 1794 1037 1847 Alemannorum
1070 1810 1156 1862 usque
1182 1792 1316 1861 Hylaram
1342 1792 1460 1846 fluvium

337 1863 505 1920 devastando
524 1865 678 1933 occupavit.
714 1863 776 1934 Qus
802 1864 908 1933 Lycum
936 1864 1070 1918 transiens
1097 1864 1241 1934 ecclesiam
1267 1868 1361 1918 sancte
1387 1863 1459 1918 Afra

336 1936 402 2006 igne
431 1935 583 2008 combussit
613 1939 695 2003 atque
726 1936 866 1990 civitatem
896 1936 1054 2005 Augustam
1090 1935 1233 1989 obsidione
1269 1934 1460 1989 circumdedit.

337 2006 453 2062 sanctus
465 1987 664 2062 Iidalrious
687 2007 750 2060 risis
777 2010 819 2060 tot
844 2007 916 2076 lupis
939 2024 975 2061 ex
993 2005 1107 2060 adverso
1126 2023 1155 2060 ss
1172 2005 1302 2075 opposuit
1319 2022 1352 2059 ac
1369 2009 1459 2059 totam

337 2095 447 2132 oausam
465 2077 583 2133 Domino
602 2077 829 2146 commendans,
856 2077 989 2132 militibus
1007 2078 1219 2146 circumquaque
1236 2093 1286 2146 per
1302 2095 1413 2130 murum
1431 2080 1461 2131 et
1480 2094 1512 2133 ac

338 2153 402 2204 ante
419 2154 530 2218 portam
542 2149 642 2203 acriter
654 2152 750 2204 contra
762 2149 854 2202 hostes
867 2147 1069 2218 dimicantibus,
1086 2149 1134 2203 ille
1146 2165 1229 2216 super
1241 2165 1342 2216 equum
1354 2147 1460 2216 sedens,

336 2237 393 2274 non
411 2221 500 2290 clipeo
518 2224 657 2290 protectus
676 2225 724 2273 aut
741 2221 830 2290 galee,
857 2220 905 2274 sed
931 2221 1002 2274 stola
1029 2218 1149 2288 indutus,
1175 2219 1269 2273 inter
1285 2219 1410 2288 lapidum
1427 2235 1460 2272 sc

240 2335 297 2374 oh
337 2291 500 2362 sagittarum
518 2293 628 2360 ymbres
647 2308 728 2344 suos
747 2291 930 2345 hortando
948 2290 1093 2345 incedebat
1111 2308 1228 2347 securus.
1265 2289 1460 2360 Oompertc

219 2345 326 2430 ηὖξα),
339 2368 458 2416 autem
470 2362 598 2418 Ottonis⁸
616 2363 728 2432 gloriosi
746 2361 820 2432 regis
839 2361 984 2429 adventu,
997 2360 1104 2431 Ungari
1122 2361 1250 2416 relicta
1267 2359 1460 2415 obsidione

338 2432 479 2487 obviam
516 2433 548 2486 ei
583 2437 743 2502 pergunt
778 2433 960 2500 armisque
990 2431 1183 2487 decertare
1219 2431 1510 2488 contenduntur>

339 2503 438 2557 Inito
470 2504 606 2574 prelio,
638 2503 716 2557 Deo³
740 2503 1058 2605 victoffiiampopulo
1078 2503 1289 2587 Christiano
1314 2502 1460 2587 donante³,

218 2620 330 2716 lull?
338 2576 560 2716 bullont
566 2593 583 2699 ἓ
589 2574 1333 2716 31111ῗῖἓθῖοῃᾱίθῖζέἓέἳῗῷἰῗιῗᾱοῗὲἒῗθξέ
1329 2592 1352 2676 „¹³
1353 2579 1461 2700 “emti

339 2733 403 2771 cum
422 2716 480 2769 aliis
497 2716 591 2769 multis
609 2716 685 2771 vivi
703 2720 867 2785 caperentur
878 2722 960 2785 atque
972 2716 1151 2787 Ratispcnsm
1170 2716 1395 2786 perducerentur,
1412 2716 1460 2770 ubi

263 2798 328 2836 Rern.
339 2787 375 2841 ad
393 2786 573 2857 ignominiam
591 2804 639 2841 sue
657 2787 746 2857 gentis
766 2787 888 2856 suspensi
905 2790 969 2841 sunt
987 2788 1035 2841 in⁶
1052 2788 1193 2856 patibulis.
1477 2804 1507 2843 rc

446 2877 531 2930 Anno
549 2875 662 2929 Domini
679 2875 874 2933 Dccccnxl.
911 2875 978 2930 Otto
1006 2895 1056 2931 rex
1072 2876 1161 2931 filium
1179 2894 1258 2931 suum
1277 2876 1408 2931 Ottonem
1425 2892 1460 2929 ex

339 2946 494 3002 Adelheida
520 2964 615 3017 regem
643 2946 708 3017 eligi
736 2948 810 3017 fecit,
841 2953 870 3002 et
895 2947 954 3017 ipse
973 2948 1096 3003 Ytaliam
1123 2965 1187 3003 cum
1214 2948 1335 3002 exercitu
1364 2946 1460 3016 peciit

341 3022 560 3087 accepturus
579 3019 810 3088 imperialem
829 3036 1006 3076 coronam.

447 3088 624 3159 Sequenti
651 3108 743 3145 anno
762 3089 829 3145 Otto
846 3108 898 3145 rex
914 3089 1052 3144 Romam⁰
1068 3090 1153 3158 veuit,
1177 3093 1379 3160 repugnantem
1396 3088 1458 3141 sub·

340 3160 404 3231 egit,
436 3161 556 3215 ordinari
587 3178 615 3216 se
642 3160 808 3216 Iohannem
840 3164 980 3230 *pepam0
1010 3161 1206 3230 imperatorem
1233 3160 1333 3231 exegit.
1373 3159 1458 3214 Otto
1476 3176 1502 3281 ξ
1520 3225 1561 3277 153

338 3356 360 3407 a)
384 3356 462 3397 rectius
484 3357 622 3397 accrevisset
644 3360 667 3395 ut
690 3356 798 3397 Bormonis
819 3356 868 3395 Vtra
893 3356 999 3399 Udalrtct.
1083 3357 1106 3404 b)
1128 3357 1152 3395 ln
1173 3356 1272 3404 sacratas
1294 3367 1360 3396 mam
1384 3366 1458 3397 ccam

338 3419 392 3449 saec.
408 3410 475 3449 XIII
477 3424 484 3450 :
498 3410 557 3450 Nota
571 3410 600 3453 de
614 3409 711 3449 Ernesto
726 3407 791 3452 duce.
847 3408 868 3460 c)
881 3410 954 3447 mlnus
967 3410 1192 3458 recommemorata·
1204 3420 1219 3450 a
1232 3410 1335 3450 Iohanne
1348 3421 1415 3459 papa.

340 3584 367 3655 1)
388 3586 460 3651 Quae
477 3593 626 3653 aquantur·
642 3600 704 3638 cum
719 3586 783 3638 Vita
801 3603 823 3642 s.
841 3585 964 3638 Udclrs’cs'
980 3602 998 3637 a
1016 3586 1139 3639 chom
1156 3588 1260 3654 empta
1277 3590 1440 3639 masticat
1445 3602 1457 3650 ;

339 3655 440 3709 accidit
463 3687 500 3697 -
524 3655 577 3710 fuit
604 3659 640 3722 cf.
667 3673 688 3713 c.
713 3659 745 3712 11
771 3656 885 3723 (Mune,
911 3657 1071 3724 Patrologic
1094 3658 1156 3713 Lot.
1181 3658 1295 3723 CXLII,
1315 3674 1345 3724 p.
1369 3660 1456 3717 1193).

340 3728 368 3794 2)
388 3727 432 3794 Os.
450 3729 565 3781 similem
582 3728 614 3782 dc
632 3728 750 3781 Ernsetc
767 3728 839 3795 duce,
854 3729 976 3781 Gerunda·
986 3729 1026 3783 ΙΙ.
1045 3731 1118 3794 repis
1130 3730 1268 3796 privigno,
1288 3729 1413 3793 fabulam
1429 3731 1457 3781 ia
1472 3743 1497 3782 to

339 3798 437 3855 OIrron.
463 3800 627 3856 Ebcrsbes‘m.
654 3816 675 3855 c.
699 3802 733 3855 19
760 3800 822 3865 (SS.
847 3799 961 3866 XXIII,
983 3818 1013 3868 p.
1030 3801 1113 3861 440):
1140 3798 1275 3852 habuerat
1302 3798 1375 3851 euim
1402 3799 1457 3867 ipsa

339 3869 500 3924 Adelheidis
526 3872 616 3939 primo
642 3868 851 3924 Heremannum
876 3869 974 3924 ducem
999 3869 1182 3923 Alemanniae
1206 3870 1346 3938 maritum,
1373 3872 1402 3923 et
1425 3869 1456 3923 de

339 3940 398 4009 Ipso
417 3945 549 4011 genuerat
566 3940 655 3995 filium
672 3941 784 3995 nomine
795 3940 956 3995 Ernustum.
986 3941 1030 4007 Of.
1048 3944 1127 3993 etiam
1145 3941 1314 3995 historiolam
1326 3943 1456 4009 Eptem

338 4028 437 4065 mosem
455 4013 509 4067 eod.
530 4014 651 4067 Gothori
668 4016 701 4068 71
720 4013 781 4079 (SS.
800 4013 915 4080 XXIII,
929 4031 959 4081 p.
973 4015 1017 4079 20,
1037 4029 1063 4067 n.
1077 4014 1131 4079 75).
1210 4013 1239 4082 3)
1259 4014 1302 4077 Of.
1323 4014 1458 4067 Gcrhcrdr'

345 4082 434 4135 Vitam
458 4100 480 4137 a.
503 4084 625 4137 Udclrtci
648 4099 669 4139 c.
689 4085 723 4139 12
747 4083 809 4151 (SS.
834 4084 888 4152 IV,
909 4086 1034 4151 31402),
1058 4084 1129 4136 unde
1153 4085 1233 4136 ettam
1256 4099 1336 4153 reges
1361 4085 1393 4150 (l.
1411 4086 1456 4144 28)
1470 4098 1494 4138 tt

337 4155 504 4221 desumptum
522 4161 567 4209 est.
585 4186 621 4195 -
639 4155 811 4209 Cbronistam
828 4170 884 4208 non
905 4160 1021 4223 utruque
1042 4155 1114 4222 Vr'tc,
1139 4155 1185 4209 scd
1200 4154 1322 4207 baalac
1339 4155 1456 4207 Iisctim

339 4225 400 4277 inde
421 4226 521 4279 hausta
544 4242 623 4279 usum
641 4242 695 4280 ecce
712 4228 779 4279 sctis
796 4228 940 4279 mansuile
957 4232 1002 4281 cst.
1092 4228 1122 4294 4)
1151 4227 1253 4279 Iterum
1275 4242 1309 4278 cx
1326 4227 1456 4279 Bcracm's

345 4295 407 4349 Vc'tu
432 4314 453 4353 a.
478 4297 603 4349 Udclrics'
625 4312 645 4353 c.
666 4299 708 4357 14,
798 4296 826 4363 ὁ)
850 4298 961 4350 Echino
978 4298 1136 4354 Bernoldus.
1226 4296 1268 4367 6))
1287 4295 1407 4351 Rerum
1423 4328 1455 4337 -

339 4367 431 4437 exegit
455 4385 490 4421 cc
514 4370 604 4422 eadem
628 4385 709 4436 quam
733 4384 819 4435 supra
844 4376 883 4436 (p.
905 4372 939 4425 21
965 4386 992 4424 a.
1015 4371 1045 4429 1)
1069 4370 1248 4422 Indicavimus
1271 4368 1456 4422 Translcts'csc

337 4456 359 4495 s.
379 4440 506 4493 Scrvcts'r'.
1469 4455 1493 4494 to
