3284 5150
294 1308 324 1367 2.
361 1301 527 1368 NOTAE
546 1300 849 1368 HISTORIOAE
868 1301 1224 1369 ALIORFENSES.

312 1442 416 1511 Oeclei
445 1444 500 1525 qui
529 1446 585 1509 sub
609 1466 660 1509 ur.
684 1446 726 1509 H
736 1450 755 1507 4
786 1444 825 1509 iu
854 1443 984 1510 arclsioo
1013 1444 1320 1528 Araeutiueusi

200 1533 347 1599 Alsatiae
372 1532 541 1614 iuferioris
565 1540 748 1599 asservatur
757 1534 778 1615 1,
802 1554 893 1614 quem
914 1533 1030 1599 iterum
1052 1534 1159 1615 evalui,
1183 1534 1321 1601 coutiuet

202 1622 451 1705 ‘Euhemericlem
473 1621 732 1701 Attouffeuseu.
748 1644 803 1687 seu
826 1622 1010 1687 relatiouem
1033 1622 1173 1688 amulum
1194 1644 1275 1704 0000
1298 1647 1319 1689 0

168 1712 306 1793 sasima
328 1711 423 1777 liuius
445 1710 632 1777 mouastcrii
654 1712 699 1777 aol
721 1712 754 1777 S.
785 1710 957 1795 Cyriacum
978 1711 1017 1777 iu
1038 1711 1187 1791 Altolorff
1202 1712 1319 1792 fuucla-

201 1800 284 1865 tioue
305 1802 362 1865 sub
381 1799 490 1881 quouis
507 1798 596 1865 illius
612 1801 762 1882 praesule
784 1800 927 1866 accidere
948 1799 1176 1881 memorabilia,
1200 1802 1320 1867 calculo

201 1889 240 1953 P.
257 1888 403 1955 Amaucli
423 1891 524 1954 Treus
539 1888 786 1971 Araeutiueusis
808 1911 848 1955 ac
870 1888 966 1954 liuius
987 1889 1174 1955 monasterii
1191 1892 1319 1973 prestu-

202 1978 261 2042 teri
283 1978 437 2061 professi
469 2000 499 2043 a.
527 1984 622 2041 1748.
653 1978 875 2062 conscriptam.
929 1978 1051 2044 Auctor
1079 1980 1124 2043 acl
1151 1978 1320 2045 historiam

201 2066 387 2131 monasterii
409 2066 634 2131 illustrandam
653 2066 754 2133 coelice
772 2067 937 2132 uetustiore
960 2088 1045 2133 uuuc
1063 2067 1223 2151 deperdito
1243 2090 1320 2133 usus

159 2182 184 2219 ιο
203 2160 255 2235 est,
279 2153 334 2235 aui
357 2156 397 2220 ab
420 2154 475 2219 illo
499 2152 538 2235 (f.
560 2154 617 2237 30)
640 2154 687 2220 sic
709 2155 916 2221 describitur:

309 2246 411 2309 Anno
443 2250 539 2309 1200.
574 2246 751 2310 renovavit
785 2246 842 2309 hia
877 2245 983 2310 abbas
1013 2243 1099 2327 [soil.
1135 2242 1320 2327 Omraous]

202 2334 457 2418 Anatolegiou²
486 2334 731 2400 Altdorffensis
767 2336 967 2399 monasterii
1001 2356 1075 2413 seu,
1110 2338 1151 2399 ut
1182 2339 1318 2414 vocant,

202 2424 428 2486 mortuarium
458 2423 585 2487 librum
618 2423 750 2488 scilieet
780 2424 979 2489 etiamnunc
1009 2425 1075 2489 hoo
1106 2446 1196 2489 anno
1222 2429 1318 2489 1748.

202 2512 406 2578 existentem
430 2516 465 2578 et
484 2534 525 2578 ex
542 2512 636 2577 foliis
660 2513 909 2598 pergamenieis
927 2514 1061 2578 fectum
1084 2514 1216 2580 formae
1240 2535 1319 2598 000·

160 2625 184 2665 0
203 2603 332 2679 drutus,
356 2602 392 2664 in
409 2623 476 2685 000
492 2603 580 2668 libro
598 2603 755 2667 denotati
778 2606 860 2666 sunt
880 2604 952 2667 dies
971 2604 1086 2668 obitus
1103 2605 1319 2687 quorundam

202 2691 305 2755 huius
329 2691 485 2756 asceterii
509 2691 683 2768 abbatum,
715 2692 867 2776 priorum
892 2695 927 2757 et
950 2695 1207 2771 monachorum,
1235 2693 1320 2777 quin

203 2784 238 2845 et
269 2780 500 2845 anniversaria
530 2781 673 2863 antiqua
702 2781 880 2864 multaque
911 2781 980 2845 alia
1005 2785 1130 2847 000000
1155 2783 1261 2866 digne
1284 2787 1319 2848 et

202 2868 288 2947 iura,
312 2889 399 2951 0000
421 2870 526 2934 hoece
550 2870 796 2935 monasterium
820 2871 1019 2952 possidebat
1036 2872 1140 2935 variis
1162 2871 1201 2934 in
1223 2872 1317 2935 loeis.

309 2965 352 3030 A.
384 2965 518 3047 Sclrslte,
549 2965 604 3048 qui
627 2965 756 3048 primus
784 2965 842 3032 ltoc
871 2987 948 3048 opus
976 2966 1015 3031 P.
1039 2966 1186 3032 Amaacli
1218 2968 1320 3032 Trous

161 3083 187 3122 20
204 3053 339 3120 leuctris
373 3055 516 3119 obrutum
549 3055 737 3136 receusuiti,
772 3060 853 3120 recte
889 3054 1049 3121 iridioasse
1083 3055 1165 3120 mili
1196 3055 1321 3121 uidetur

203 3149 295 3209 motas
328 3142 498 3208 historicas
531 3165 560 3208 a.
592 3149 834 3209 1132—1356.
869 3142 907 3209 iu
935 3165 970 3209 co
999 3144 1160 3226 dispersas
1193 3165 1232 3209 00
1265 3143 1320 3208 illo

205 3229 411 3315 ‘Auatoleaio’
428 3253 493 3316 per
514 3233 642 3298 saecula
661 3233 814 3315 perducto
831 3233 994 3313 profectas
1015 3254 1090 3299 esse.
1136 3233 1202 3298 Per
1224 3239 1321 3298 totum
1369 3251 1372 3256 ’

203 3320 319 3386 librum
342 3320 426 3387 euim
456 3320 581 3386 iuoeuis
610 3319 647 3386 iu
675 3320 781 3386 media
809 3321 1000 3387 marratioue
1021 3322 1070 3388 uel
1098 3321 1225 3405 saepius
1247 3329 1322 3404 post

202 3411 300 3490 Jiuem
315 3409 453 3492 capitum
468 3416 540 3476 acta
558 3409 756 3493 siuaulorum
774 3411 922 3476 albatum
937 3411 1200 3493 complectmtima
1216 3414 1321 3477 000000

162 3526 186 3567 ss
203 3505 304 3580 uotae,
328 3520 408 3581 quae
433 3499 502 3581 ipso
525 3504 701 3564 atrameuto
724 3521 745 3564 u
768 3499 878 3565 ceteris
901 3499 1150 3584 olistiuauuutur.
1201 3500 1321 3583 Quibus

205 3673 232 3739 1)
252 3673 297 3724 Ao
314 3675 448 3739 smuustia
467 3675 503 3737 af.
521 3689 589 3740 0000
606 3674 722 3727 disserui
739 3675 770 3726 iu
786 3676 970 3728 commentarii
983 3682 1064 3742 parte
1076 3675 1132 3742 III,
1151 3674 1245 3743 0001,
1264 3674 1320 3742 §3-

203 3741 231 3812 2)
251 3742 286 3795 Io
303 3749 340 3796 cst
359 3743 604 3811 ‘mansionum
685 3747 713 3812 3)
732 3745 924 3812 ‘Mittciluuam
941 3747 987 3799 slas
1004 3746 1130 3798 Instituts
1147 3747 1199 3810 fur
1218 3745 1321 3797 (lester-

203 3815 283 3868 raiol.
299 3814 557 3880 Gsmliahtssorsclt!
571 3816 621 3876 IV,
636 3832 666 3882 0.
679 3819 830 3872 209-212.
848 3847 884 3856 -
902 3817 949 3867 Ila
966 3817 1053 3870 molem
1071 3817 1139 3868 libro
1157 3816 1188 3870 P.
1201 3815 1323 3867 Amanus

203 3886 238 3940 A.
264 3885 368 3938 Schulte
396 3887 413 3941 l.
438 3901 459 3942 0.
487 3893 510 3938 et
539 3885 567 3942 0.
593 3886 818 3954 Homer-Eques
845 3887 893 3942 SS.
918 3888 950 3939 X
954 3888 984 3953 V,
1006 3904 1037 3954 p.
1061 3889 1114 3942 992
1131 3903 1170 3952 00.
1197 3887 1322 3938 autetiam

163 3973 187 4013 so
202 3972 269 4011 saco.
288 3956 368 4011 XIV.
387 3963 467 4022 (uon,
490 3963 521 4009 at
539 3957 682 4026 dicebatur,
707 3975 773 4014 sam.
792 3958 882 4018 XIII)
899 3960 931 4010 cle
954 3959 1079 4024 reliquiis
1103 3973 1121 4008 a
1139 3957 1224 4009 Lcmu
1243 3972 1322 4024 papa

204 4028 297 4080 allatis
321 4028 476 4089 catumeum
505 4029 591 4081 Trous
615 4045 674 4080 eam
698 4046 732 4082 ea
761 4029 955 4096 I'lsaaatoloaio
978 4028 1024 4094 tol.
1043 4029 1096 4084 ὅθ’.
1120 4029 1321 4096 tramsumpsit.

205 4099 451 4152 Commemorantur
475 4101 514 4152 iii
535 4099 652 4168 reliquie
676 4142 682 4156 .
710 4142 716 4156 .
743 4143 749 4156 .
776 4117 830 4167 que
848 4116 964 4168 magnus
981 4098 1155 4153 marescallus
1170 4097 1322 4153 Wernerus

204 4169 238 4223 de
256 4169 420 4238 Argenuus,
446 4171 492 4238 qui
514 4170 666 4224 construxit
689 4171 887 4226 monesterium
911 4171 941 4223 in
959 4169 1181 4238 Grienenwerde,
1206 4170 1235 4224 in
1259 4168 1321 4222 uni-

207 4256 286 4294 verso
298 4240 401 4295 mundo
418 4241 522 4295 scilicet
534 4242 653 4312 collegit.
680 4243 826 4295 Weruerue
840 4242 1022 4295 marsaiolcus
1036 4243 1169 4307 fundator
1180 4247 1218 4294 ast
1229 4256 1323 4293 mossa-

165 4314 280 4366 steterit
298 4311 325 4368 S.
348 4313 493 4366 Trinitatis
514 4320 592 4366 costra
613 4329 706 4366 muros
729 4313 758 4366 in
779 4312 887 4383 000000
904 4312 997 4366 werde
1013 4315 1062 4366 siti
1078 4316 1124 4380 (st.
1143 4329 1229 4381 supra
1248 4313 1322 4365 Cout.

205 4383 336 4450 Neobura.
356 4385 392 4436 aot
410 4400 435 4440 a.
450 4387 528 4449 1226,
544 4403 572 4454 p.
585 4387 643 4453 91),
661 4386 730 4453 auoit
747 4401 773 4440 a.
787 4387 865 4441 1264.
884 4384 1006 4437 citatim
1017 4386 1172 4449 Altorfeusi
1188 4383 1322 4437 subditum

205 4459 241 4506 cst
258 4455 304 4521 (af.
324 4456 525 4522 ‘Strmsburacr
544 4455 609 4512 ΗΒ]
628 4457 653 4524 Ι,
669 4473 699 4524 p.
715 4459 789 4518 415).
