3284 5150
508 538 690 595 ANNALJrs
707 539 1000 596 MARBAOENSBS.
1300 547 1318 599 3

194 717 325 772 defuncto
338 715 530 771 Grimoaldum
541 716 629 771 filium
645 716 787 771 ciusdem
804 718 953 772 maiorem
970 717 1081 771 domus
1099 719 1203 776 statuit.
1232 718 1317 774 Dece-
1326 731 1444 771 amum.

194 788 277 843 dente
294 805 359 842 vero
377 792 504 857 tempore
522 787 652 844 defuncto
672 786 824 858 Sygeberto
847 806 922 857 rege,
949 788 1126 843 Grimoaldus
1152 788 1241 843 filium
1259 791 1317 845 eius

194 861 340 984 gavulum
358 860 469 914 nomine
487 859 676 928 Degobertum
700 859 823 914 totondit
850 863 885 914 ct
911 860 940 913 in
965 859 1059 915 Scotia
1084 860 1317 931 peregrinandum

214 931 303 999 irexit,
322 930 410 984 filium
426 947 506 984 suum
524 931 554 984 in
569 947 655 1000 regno
669 930 845 986 constituens.
875 929 976 985 Franci
987 930 1041 985 hoc
1052 931 1133 986 valde
1143 931 1317 1002 indignantes

163 1001 401 1056 oGrimoaldum
438 1002 589 1070 capiunt
626 1004 661 1055 et
696 1001 731 1054 sd
769 1001 1028 1072 condempnandum
1057 1002 1117 1072 regi
1146 1001 1316 1058 Francorum

195 1072 333 1127 Olodoveo
352 1072 478 1128 offerunt.
515 1071 583 1142 Qui
604 1072 633 1124 in
652 1071 773 1126 Parisios
800 1073 912 1127 civitate
939 1089 1048 1127 carcere
1075 1073 1254 1142 mancipatus,
1285 1077 1316 1127 ut

195 1147 255 1198 erat
293 1144 299 1155 “
339 1161 370 1197 us
389 1147 485 1214 morte,
505 1143 578 1212 quod
596 1143 625 1196 in
644 1143 795 1196 dominum
814 1146 915 1197 'suum
934 1144 1064 1211 exercuit,
1084 1144 1174 1199 valido
1193 1146 1317 1201 cruciatu
1325 1155 1357 1204 *r-
1367 1156 1421 1197 last

194 1215 280 1269 vitam
318 1214 394 1269 nivit.

301 1284 357 1339 Per
380 1284 468 1338 idem
492 1288 602 1354 tempus
628 1284 750 1339 concidit
773 1302 890 1356 regnum
907 1284 1078 1340 Francorum
1104 1287 1210 1341 casibus
1233 1287 1425 1356 postidea.

150 1371 176 1409 10
194 1355 267 1412 feris.
295 1355 361 1410 Fuit
375 1373 526 1424 namque
542 1373 604 1410 rex
617 1355 770 1410 Olodoveus
782 1355 858 1410 omni
870 1357 1005 1425 spurcicia
1017 1357 1133 1427 deditus,
1153 1356 1316 1412 fornicarius

193 1431 221 1480 et
238 1427 334 1480 illusor
351 1426 526 1497 feminarum,
544 1427 609 1497 gula
627 1431 655 1481 et
674 1427 808 1482 ebrictate
824 1431 977 1483 contentus.
1008 1427 1056 1482 De
1073 1431 1171 1483 morte
1188 1429 1269 1483 huius
1287 1433 1316 1483 et

192 1497 248 1553 fine
271 1498 357 1552 nichil
379 1498 500 1566 hystoria
518 1497 633 1567 dignum
655 1498 760 1554 recolit.
797 1497 859 1552 (lui
883 1497 1050 1553 vicissim
1075 1498 1139 1552 filii
1164 1500 1242 1554 eius
1260 1499 1315 1554 Lo·

193 1569 324 1637 thurius,
365 1568 559 1638 Hyldericus,
596 1569 794 1623 Tbeodericus
832 1570 867 1623 in
902 1586 1015 1640 regno
1051 1577 1314 1628 successerunt.

192 1639 378 1694 llrcbinoldol
396 1641 513 1710 igitur
531 1639 662 1694 defuncto
681 1640 896 1708 Letharius,
923 1641 984 1709 qui
1009 1644 1093 1695 tunc
1119 1643 1425 1712 regnabat,o.0.ss.

149 1725 175 1764 1⁶
193 1710 346 1766 llbroinum
365 1711 497 1765 maiorem
517 1711 614 1765 domus
633 1711 845 1767 constituit.
882 1711 947 1781 Qui
974 1713 1017 1766 ob
1040 1712 1152 1766 nimia
1175 1713 1316 1767 scelera

193 1799 254 1836 sua
281 1800 298 1836 a
325 1781 477 1836 Francis
505 1787 715 1851 accusatus,
744 1784 786 1837 ab
804 1781 1025 1852 Hylderico,
1053 1784 1114 1852 qui
1140 1784 1253 1837 fratri
1280 1785 1315 1838 in

193 1870 304 1924 regno
332 1857 578 1920 successerat,
607 1855 643 1907 in
667 1853 793 1908 Luxovio
822 1854 988 1908 monasterio
1006 1853 1168 1924 Burgundio
1194 1856 1314 1909 reclu·
1350 1903 1382 1942 ω

193 1925 306 1994 ditur,
338 1928 372 1978 et
402 1924 581 1992 Leudesius,
613 1942 695 1994 quem
722 1924 856 1979 Germani
882 1921 1062 1979 Lithericum
1089 1929 1189 1981 vocent
1197 1926 1216 1994 ²,
1243 1925 1315 1980 iilius
1323 1914 1456 1997 ,,,,,ἵ,ἵῖ,“,,,

192 1995 361 2063 Erchinoldi,
379 1995 491 2049 consilio
510 1995 680 2067 Leodegarii
698 1996 918 2066 Augustudensis
937 1997 1064 2066 episcopi
1083 1997 1173 2050 maior
1197 1998 1442 2051 domestenis.

149 2081 176 2119 ao
193 2065 293 2135 palacii
311 2066 566 2122 constituitur.
1368 2116 1382 2154 h

300 2135 375 2190 Rex
393 2136 510 2206 igitur
521 2136 712 2205 Hyldericus⁸,
731 2153 794 2190 cum
805 2153 856 2206 per
868 2137 1001 2206 aliquod⁸
1017 2155 1102 2192 annos
1113 2142 1314 2208 regnasset,
1323 2117 1456 2210 Ε,ἵ,.ἵ,ἵῖ,’,,,

193 2224 210 2260 a
227 2206 365 2276 pestiferis
383 2206 614 2275 conspiratoribus
630 2207 659 2260 in
672 2208 735 2261 aula
746 2224 809 2260 cum
822 2224 907 2262 uxore
920 2225 969 2262 sua
986 2212 1139 2278 pregnante
1156 2213 1314 2278 peremptus

193 2283 242 2334 est.
274 2277 423 2332 Leudesius
441 2295 515 2346 vero,
534 2279 594 2347 qui
613 2273 898 2347 etlrdthericus,
912 2296 975 2332 cum
987 2279 1103 2333 Francis
1120 2279 1314 2334 etGermanie

192 2349 361 2418 principibus
379 2348 495 2403 fratrem
514 2349 590 2403 eius
610 2348 812 2403 Theodericum
831 2366 954 2420 regem
973 2350 1122 2416 constituit,
1140 2349 1314 2420 suffraganti-

147 2434 174 2474 as
192 2422 242 2474 bus
272 2419 326 2474 sibi
355 2420 463 2474 Didone
493 2419 659 2474 Pictaviensi
689 2421 875 2489 episcopo,
906 2420 1078 2490 Leodegario
1107 2420 1313 2492 Augustudensi

192 2492 319 2560 episcopo
338 2495 373 2545 et
391 2490 494 2546 (lerino
513 2490 685 2545 Pictavensi⁴
704 2492 813 2560 comite,
832 2490 918 2546 fratre
936 2492 1021 2549 eius.
1347 2553 1352 2562 ,
1408 2551 1412 2562 ,

297 2561 422 2633 Igitur
438 2561 576 2617 Ebroinus
595 2562 635 2617 de
654 2562 780 2617 Luxovio
806 2580 929 2633 egressus
956 2566 990 2618 et
1009 2563 1151 2633 apostata⁵
1176 2551 1439 2646 fectus,¹²¹}·4³}'⁸²·

192 2634 412 2689 Theodericum
439 2651 547 2705 regem
576 2638 610 2688 et
636 2634 816 2689 Leudesium
843 2639 1010 2704 persecutus,
1036 2636 1143 2705 regales
1170 2636 1312 2691 thesauros
1362 2637 1367 2647 '
1406 2633 1412 2645 ’

191 2705 380 2775 apprehendit,
405 2709 440 2760 et
465 2722 690 2775 quoscumque
714 2705 911 2760 insidiatores
935 2724 1011 2760 suos
1029 2707 1140 2777 reperit,
1167 2707 1313 2761 crudeli
1349 2756 1394 2796 eh·

147 2790 174 2830 eo
190 2780 306 2831 morte
325 2776 544 2846 dampnavit.
575 2776 709 2831 Postea
726 2776 774 2829 in⁶
793 2776 971 2831 Germaniam
990 2795 1053 2831 cum
1070 2777 1126 2831 suis
1144 2779 1220 2846 quasi
1237 2780 1312 2847 pacis
1322 2767 1454 2850 Μ’ἵῖ,

192 2848 255 2901 sub
283 2849 397 2902 obtentu
423 2865 474 2917 pro
498 2848 634 2903 Leudesio
661 2847 845 2917 transmisit,
872 2852 904 2901 ut
926 2850 1004 2903 eius
1026 2849 1129 2903 auxilio
1148 2849 1177 2902 in
1195 2850 1313 2920 gratiam

191 2919 270 2987 regni
287 2919 431 2987 pervenire
448 2919 617 2987 potuisset,
645 2918 782 2986 dispositis
807 2919 833 2973 ei
855 2919 885 2972 in
903 2920 1001 2974 itinere
1019 2919 1130 2976 insidiis.
1167 2919 1220 2975 llle
1238 2938 1313 2989 vero,

191 2989 258 3043 licet
275 3005 352 3042 eum
370 2989 535 3043 omnimodis
552 2990 692 3044 habuisset
719 2994 903 3060 suspectum,
931 2995 1024 3045 tamen
1048 3008 1100 3061 pro
1121 3008 1190 3060 paee
1209 2996 1313 3046 restau-

192 3060 278 3112 randa
305 3060 358 3114 iter
384 3077 527 3129 aggressus
554 3065 603 3116 ost.
648 3060 770 3129 Cumque
798 3060 833 3113 ad
860 3061 923 3114 loca
948 3061 1110 3115 insidiarum
1136 3064 1312 3131 pervenisset,

147 3144 174 3185 so
192 3130 373 3185 libroinus
400 3148 475 3185 eum
502 3131 576 3185 suis
595 3148 630 3185 ex
654 3132 792 3200 inproviso
821 3149 1016 3201 consurgens,
1042 3133 1221 3187 Leudesio
1249 3151 1313 3187 cum

192 3202 337 3270 aliquantis
364 3201 498 3255 militibus
528 3202 642 3270 occiso,
673 3202 750 3271 ipse⁷
777 3202 962 3271 principatum
992 3204 1097 3273 regni
1127 3204 1436 3260 violenterwflot.

192 3273 328 3328 invasit
359 3277 394 3327 et
424 3290 487 3327 cum
514 3273 744 3343 conspiratoribus
771 3273 846 3327 suis
873 3274 1075 3344 Leodegerium
1103 3272 1428 3365 episcopumfflfflffi

192 3348 303 3413 ceptum
316 3344 463 3412 interemit,
472 3344 609 3399 Didonem
622 3345 789 3413 episcopum,
799 3347 965 3399 avunculum
974 3346 1040 3415 eius,
1050 3345 1133 3400 exilio
1145 3346 1312 3415 dampnavit.
1425 3337 1455 3367 ”⁸'

192 3414 343 3470 Leudesius
367 3432 534 3483 namque,
562 3434 638 3470 cum
664 3416 751 3469 maior
776 3415 872 3470 domus
898 3420 1007 3485 esset,
1030 3416 1174 3471 duxerat
1197 3435 1313 3472 uxorem

146 3499 175 3539 so
193 3486 227 3541 de
253 3486 382 3556 prosapia
409 3488 527 3542 sancti
545 3485 723 3556 Sygismundi
748 3490 836 3557 regis
854 3486 1015 3558 Burgundie
1042 3488 1192 3571 genuitque
1219 3506 1254 3542 ex
1281 3506 1313 3544 ea

192 3558 324 3612 Athicum
350 3574 398 3612 seu
420 3556 592 3626 hdalricum,
617 3557 695 3625 qui⁸
721 3562 801 3626 patre
826 3558 916 3613 adhuc
940 3563 1085 3629 superstlte
1110 3563 1138 3614 et
1162 3558 1312 3629 Hylderico

193 3736 216 3787 s)
229 3737 261 3775 tta
275 3748 294 3776 c.
308 3737 401 3785 sceptus.

193 3878 222 3947 1)
234 3875 347 3933 Erchin.
360 3906 394 3917 -
406 3876 582 3930 constituitur
593 3876 623 3937 (l.
636 3878 684 3938 20)
696 3878 730 3942 ef.
743 3876 859 3929 Libram
870 3878 943 3933 Hist.
956 3876 1055 3935 mam.
1073 3897 1095 3936 c.
1107 3882 1158 3948 453
1176 3881 1314 3934 cbrcas‘ete

192 3951 306 4016 insuper
331 3948 422 4001 Vitem
448 3948 608 4015 Leodepars's‘
632 3962 797 4013 anonymam
823 3950 905 4012 (Acte
932 3950 1022 4007 Sossct.
1050 3951 1177 4007 Bollossd.
1207 3951 1260 4009 Oct.
1288 3953 1312 4020 I,

147 4032 175 4073 st
188 4036 218 4088 p.
238 4022 291 4075 463
303 4020 371 4087 sqq.)
389 4026 437 4072 eut
454 4025 521 4071 certe
539 4018 681 4071 breviorem
693 4018 842 4073 Lectionem
859 4020 921 4072 s'ssds
938 4021 1064 4073 tamtam
1081 4026 1229 4090 cognorim
1245 4025 1316 4077 mibs'

191 4093 305 4145 udatur.
370 4091 398 4160 2)
411 4106 492 4158 quem
507 4120 539 4129 —
552 4092 652 4143 vocant
669 4092 702 4155 ef.
718 4090 816 4145 aaron.
830 4090 1045 4145 meramnum
1061 4108 1082 4148 e.
1094 4096 1120 4149 4.
1151 4094 1314 4164 Note,qaod

193 4162 328 4215 libres-ius
352 4165 400 4231 gui
424 4176 491 4215 saec.
517 4160 569 4216 IX.
594 4162 649 4215 cod.
668 4160 723 4215 132
741 4161 773 4213 b¹
798 4162 882 4214 ΗΜ
904 4163 976 4221 Hs'et.
1001 4165 1103 4221 Frasc.
1127 4169 1237 4234 scripsit
1259 4184 1314 4234 pro

192 4234 319 4287 Lcudess's'
345 4236 451 4288 nominc
480 4230 633 4299 Leuderio,
669 4230 851 4300 Leoderium,
887 4236 968 4287 immo
997 4233 1180 4290 Leodoricum
1212 4240 1312 4305 meust.

192 4303 221 4373 3)
245 4304 357 4357 Exhinc
376 4306 474 4359 aaron.
493 4303 657 4357 Etersbes'm.
683 4318 703 4357 e.
723 4306 748 4359 5.
832 4306 861 4372 4)
886 4305 927 4370 Of.
951 4307 1047 4359 Mna
1071 4323 1092 4362 e.
1111 4310 1136 4363 6,
1221 4310 1249 4376 ὁ)
1268 4310 1312 4374 Of.

148 4385 176 4427 to
194 4375 294 4431 (alerem
319 4376 483 4430 Ebershss'm.
508 4391 529 4429 e.
548 4376 575 4430 b.
682 4375 710 4442 6)
737 4374 766 4427 in
790 4405 827 4415 -
848 4375 1010 4431 Adalricum
1034 4378 1132 4442 (1.41)
1155 4396 1189 4432 ex
1213 4380 1312 4435 Claros.

192 4446 356 4501 Ebwshes‘m.
381 4463 402 4503 c.
420 4449 446 4513 5,
471 4446 527 4499 solo
544 4461 638 4499 restem
660 4446 754 4499 ordisse
771 4452 882 4501 mutato.
972 4448 1000 4517 7)
1025 4447 1085 4517 ipse
1102 4479 1138 4489 —
1156 4450 1255 4503 invasit
1275 4451 1314 4516 ef.

193 4517 307 4571 raemm
324 4518 398 4574 Hs‘st.
416 4518 517 4572 Frons.
536 4533 556 4572 c.
570 4519 612 4573 45.
685 4518 713 4583 8)
734 4516 841 4569 Attene
859 4516 958 4576 clarem
976 4519 1139 4576 Etwshstm.
1157 4536 1179 4576 c.
1195 4523 1220 4576 d.

1065 4624 1099 4681 1*
