3284 5150
368 494 473 552 XVIII
811 496 1044 554 PRAEFATIO.

366 676 474 760 peusis
502 677 577 744 inde
606 679 646 744 ab
673 700 706 742 a.
730 685 804 744 631.
828 679 1013 764 praemissa
1034 679 1107 745 eit1.
1153 682 1246 745 Haec
1274 681 1384 746 omnia
1412 692 1484 750 ante

368 788 399 832 α.
425 771 520 832 1375.
539 767 684 848 perfecta
707 789 772 832 esse
788 774 898 852 patet,
919 789 1001 849 quae
1022 767 1106 834 enim
1133 769 1282 835 adhunc
1305 792 1427 836 annum
1448 773 1485 838 in

368 855 471 920 codice
493 855 625 920 Ieneusi
641 862 803 937 postrema
825 858 980 940 lepuutur,
1003 879 1103 923 mauu
1125 880 1146 922 α
1168 857 1336 940 prioribus
1357 860 1485 926 diuersa

366 943 486 1026 scripta
509 950 584 1010 suut
598 945 757 1027 planeque
780 969 801 1011 a
830 945 1073 1012 Continuatione
1096 946 1247 1012 Mathiae
1268 949 1424 1014 recedunt.

472 1033 524 1099 Ab
547 1034 602 1098 illa
625 1040 759 1116 tempore
774 1055 852 1116 opus
867 1034 1020 1100 intactum
1035 1036 1197 1117 remansit,
1221 1035 1289 1101 nisi
1303 1039 1387 1118 quod
1399 1059 1482 1104 mar·
1500 1063 1515 1104 c

365 1123 456 1207 pines
477 1121 605 1189 scholiis
626 1143 709 1188 saec.
722 1123 802 1188 XV.
826 1123 968 1189 eueuntis
990 1123 1094 1189 obruti
1108 1124 1181 1205 sint,
1205 1132 1393 1207 arpumenta
1408 1149 1481 1192 uar-

365 1212 502 1278 rationis
516 1210 649 1277 strictim
667 1211 920 1294 anplecteutibus
928 1214 949 1278 ².
984 1213 1036 1278 De
1050 1213 1102 1294 iis,
1119 1212 1175 1295 aui
1188 1212 1272 1278 hunc
1286 1213 1403 1280 librum
1410 1237 1482 1297 pos·

364 1301 511 1383 sederint,
537 1302 682 1366 docemur
703 1321 742 1366 ea
764 1301 968 1366 adnotatione
989 1323 1070 1368 saec.
1089 1302 1191 1366 XIV.
1207 1323 1255 1366 ea.
1277 1302 1315 1366 in
1337 1305 1482 1386 marpiue

363 1391 419 1470 fol.
445 1395 497 1454 25.
520 1388 686 1470 iuscripta,
709 1409 805 1470 auam
827 1389 920 1455 hodie
941 1411 980 1455 ea
995 1396 1091 1472 parte
1113 1391 1244 1456 deletam
1266 1391 1307 1454 R.
1321 1392 1481 1459 Wilmans

363 1479 412 1544 ita
433 1479 545 1562 lepit⁸:
574 1480 647 1543 Iste
676 1478 763 1545 liber
793 1483 846 1544 est
875 1480 1005 1544 domini
1029 1481 1172 1546 Hem-ici
1202 1481 1480 1565 archipresbiteri
1499 1505 1530 1544 io

363 1569 401 1632 in
424 1568 606 1645 Zabernia;
638 1573 668 1632 et
693 1565 761 1632 alia
789 1588 870 1633 saec.
896 1568 998 1633 XVI.
1028 1569 1085 1648 fol.
1113 1575 1147 1634 1:
1182 1569 1297 1634 Codex
1320 1570 1385 1637 iste
1409 1593 1480 1655 per·

364 1658 454 1723 tinet
491 1659 535 1722 ad
574 1657 818 1722 bibliothecam
858 1658 1013 1740 magistri
1048 1658 1249 1723 Wendalini
1284 1659 1477 1744 Sprengeri.

362 1745 499 1811 Demum
522 1767 544 1810 a
565 1766 646 1809 saec.
665 1745 788 1809 XVII.
812 1745 864 1811 hic
879 1747 975 1811 codea
995 1745 1033 1810 in
1049 1745 1232 1811 bibliotheca
1254 1746 1479 1813 Universitatis

362 1833 511 1900 Ieuensis
525 1840 679 1914 seruatur,
702 1832 740 1897 iu
762 1854 859 1915 auam
880 1855 950 1899 cum
968 1834 1044 1900 aliis
1066 1835 1168 1916 libris,
1192 1855 1269 1916 auos
1283 1836 1354 1900 Ioh.
1371 1837 1476 1902 Andr.

361 1922 447 1989 Base
463 1924 629 2005 professor
641 1928 716 2004 post
736 1929 865 1988 martem
888 1945 919 1988 a.
939 1929 1034 1987 1674.
1057 1923 1194 2006 reliquit,
1218 1931 1357 2006 receptus
1379 1932 1432 1990 est.
1497 1946 1527 1987 ια

476 2011 592 2078 Varias
620 2011 688 2076 eius
721 2033 813 2077 casus
846 2033 912 2076 uon
940 2033 1061 2094 semper
1084 2033 1254 2094 prosperos
1275 2012 1375 2091 fuisse
1402 2013 1491 2080 inde·

361 2100 509 2183 conicias,
533 2101 616 2182 quod
631 2099 791 2182 posterior
810 2122 893 2182 pars
916 2100 992 2167 libri
1013 2101 1142 2166 humore
1163 2101 1211 2166 ita
1233 2101 1348 2168 detrita
1370 2103 1420 2182 sit,
1443 2110 1478 2168 ut

361 2189 574 2274 compluribus
602 2189 678 2256 lacis
704 2188 827 2254 litterae
855 2189 983 2255 omnino
1005 2191 1073 2270 fere
1100 2192 1217 2256 deletae
1239 2191 1313 2273 sint,
1337 2213 1418 2272 quas
1440 2213 1478 2257 ea

361 2279 453 2344 libris
486 2300 585 2344 manu
618 2277 745 2361 scriptis
776 2279 967 2360 Frapmeuti
1000 2279 1144 2345 historici
1181 2278 1296 2344 incerti
1327 2280 1474 2360 auctoris,

361 2389 399 2432 en
428 2368 512 2433 notis
541 2368 782 2450 inominalibus,
814 2373 879 2431 tum
908 2367 1003 2431 etiam
1032 2388 1071 2431 ea
1099 2367 1290 2432 editionibus
1316 2368 1477 2433 Iohannis
1494 2390 1526 2430 ea

360 2455 525 2521 Friderioi
550 2455 708 2520 Boehmer
736 2461 765 2520 et
792 2455 914 2536 Raperi
942 2455 1110 2535 Wilmans,
1140 2454 1196 2536 aui
1225 2455 1341 2520 librum
1370 2457 1477 2522 multis

360 2543 459 2610 aunis
487 2550 560 2610 aute
582 2565 630 2609 me
652 2544 801 2626 leperuut,
830 2542 991 2608 restituere
1014 2550 1143 2609 conatus
1169 2565 1247 2626 sum,
1279 2544 1432 2611 librorum
1455 2569 1476 2612 α

360 2633 598 2715 chrouaprapha
621 2632 835 2697 adhibitorum
857 2638 1010 2714 qnantum
1028 2632 1121 2715 potui
1142 2633 1267 2699 ratione
1288 2634 1407 2699 habita.

473 2722 532 2788 VI.
557 2722 649 2786 Inter
660 2742 710 2787 eos
721 2719 777 2802 qui
792 2719 964 2786 Oronicam
975 2721 1273 2804 Hoheubnrpensem
1284 2744 1323 2787 ac
1335 2725 1474 2788 Neohur-

358 2832 483 2892 pensem
505 2810 543 2875 iu
564 2831 641 2875 usus
663 2830 736 2875 suos
758 2815 976 2875 converterunt
993 2810 1137 2893 primum
1158 2812 1258 2875 locum
1276 2817 1357 2876 tenet
1369 2812 1475 2891 frater
1492 2831 1523 2873 ss

358 2899 413 2965 ille
435 2899 560 2965 ordinis
575 2898 846 2980 Praedicatorum,
870 2898 926 2980 aui
946 2898 1032 2964 iuter
1053 2898 1122 2966 alia
1143 2921 1240 2983 opera
1261 2922 1342 2966 saec.
1360 2901 1473 2965 XIII.

359 2995 488 3054 exeunte
509 2989 655 3054 Annales
673 2987 904 3054 Colmarienses
925 2988 1065 3054 minores
1086 2989 1256 3072 composuit
1277 2988 1382 3072 ibique
1401 2989 1474 3055 Oro-

358 3078 465 3145 nicam
487 3080 527 3144 ab
550 3102 580 3144 a.
604 3083 831 3143 1211-1238.
854 3077 892 3142 in
913 3076 1066 3160 epitomen
1088 3078 1306 3144 brevissimam
1327 3078 1426 3160 coepit
1446 3085 1476 3143 et

358 3189 428 3234 cum
450 3168 635 3233 Annalibus
663 3167 805 3246 fratrum
827 3166 1091 3232 Praedicatorum
1113 3167 1400 3247 Arpentinensibns
1425 3167 1473 3229 de-

352 3256 499 3339 perditis,
522 3262 558 3321 ut
579 3256 673 3336 iufra
695 3254 823 3335 uidebis,
847 3254 1040 3319 coniunxit&
1079 3254 1312 3335 Quaemaioris
1326 3254 1473 3319 manenti
1491 3276 1522 3316 eo

357 3350 440 3427 suut,
464 3366 533 3410 cum
554 3344 635 3409 solos
649 3344 795 3408 Annales
814 3341 1045 3407 Oolmarieuses
1058 3340 1196 3406 minores
1217 3364 1283 3407 non
1304 3364 1343 3407 ec
1365 3349 1472 3407 nostro

357 3433 460 3499 cadiae
487 3432 628 3513 Ieueusi,
659 3434 715 3497 sed
741 3452 779 3496 eu
808 3431 976 3513 archetypo
1010 3429 1164 3495 Orauicae
1191 3431 1473 3513 Hohenburpensis

356 3522 483 3604 eiusque
510 3520 767 3587 Continuationis
781 3520 942 3602 profectos
963 3540 1028 3584 esse
1049 3518 1221 3584 ouinunle
1242 3519 1303 3600 sit,·
1325 3519 1472 3584 Annales

356 3611 441 3677 euim
461 3609 690 3677 Colmarienses
712 3630 750 3676 ea
766 3610 930 3690 praeberet,
953 3628 1033 3689 auae
1055 3608 1093 3672 de
1112 3608 1343 3673 consecratione
1364 3628 1471 3672 mona·

356 3700 447 3765 sterii
470 3701 688 3766 Suarcendan
711 3700 798 3763 etde
821 3702 918 3762 morte
940 3695 1094 3761 Falconis
1116 3696 1240 3762 abbatis
1262 3698 1307 3761 ad
1327 3720 1358 3762 a.
1374 3702 1469 3761 1214.
1488 3717 1519 3778 a
1614 3775 1616 3786 Ι

358 3794 453 3854 1221.
477 3811 499 3854 α
520 3789 625 3868 fratre
647 3787 772 3852 ordinis
794 3808 819 3851 s.
835 3784 1011 3867 Aupustini
1037 3784 1191 3851 Orouicac
1205 3785 1471 3869 Hohenburpeusi

463 3966 489 4026 1)
510 3964 571 4016 Non
589 3963 720 4014 elbidum
733 3962 831 4027 putavi
847 3960 893 4011 hoc
911 3960 1082 4024 brmiarium,
1100 3961 1145 4010 cul
1154 3966 1276 4026 excerpta
1293 3977 1327 4011 ea
1340 3961 1469 4013 Chronico

355 4035 519 4087 Illlenhcrdi
544 4033 657 4087 subiecta
681 4039 754 4097 sunt,
779 4032 813 4082 ab
837 4030 952 4083 Uretislo
974 4030 1024 4082 sub
1048 4034 1153 4083 nomine
1171 4031 1331 4097 Frapmenti
1347 4032 1471 4083 historici

354 4108 452 4159 incerti
477 4108 596 4157 auctoris
622 4119 680 4154 cum
704 4104 822 4155 ‘Allecto
846 4102 1050 4167 Arpentincnsi’
1074 4118 1099 4156 a.
1120 4104 1197 4157 1585.
1225 4106 1296 4168 typis
1319 4104 1469 4166 coulpatum

354 4194 415 4233 esse.
456 4177 529 4229 Unde
548 4176 715 4228 Grandtdier
731 4175 782 4226 otte
806 4190 873 4241 opus
896 4189 977 4223 suum
1000 4174 1117 4238 efficiens
1141 4176 1231 4224 omnia
1248 4189 1281 4224 ea
1297 4174 1468 4240 deprompsit,
1485 4181 1516 4220 to

353 4264 421 4315 auce
432 4263 503 4299 nunc
514 4249 544 4299 in
556 4246 676 4299 linibus
687 4246 842 4298 Annalibus
852 4246 910 4295 cius
921 4246 1160 4309 Arpentinenstbus
1170 4259 1230 4295 cum
1239 4244 1353 4295 Osanna
1360 4243 1468 4296 Hohen·

354 4320 479 4385 tarpaei
488 4320 660 4381 consentiunt,
672 4317 768 4385 quibus
778 4319 834 4369 viri
843 4316 914 4367 docti
925 4318 954 4366 in
967 4331 1083 4367 moran
1096 4316 1204 4366 adducti
1214 4320 1285 4368 sunt.
1333 4313 1360 4383 2)
1373 4314 1468 4367 Nescio

353 4408 390 4443 an
408 4390 442 4442 ab
459 4390 577 4443 Iohanne
594 4389 739 4441 Trithemlo
757 4389 819 4439 haec
836 4390 938 4453 scripta
955 4389 1018 4452 sint,
1036 4388 1111 4437 acius
1128 4388 1158 4437 in
1175 4386 1299 4437 manibus
1313 4387 1393 4437 codea
1410 4402 1467 4437 oer-

352 4468 430 4514 satus
447 4468 494 4516 cst.
574 4463 602 4527 3)
623 4463 661 4513 At
679 4460 713 4523 cf.
733 4475 799 4527 quae
816 4460 851 4513 Α.
863 4458 1027 4522 Hotmeteter
1043 4457 1075 4508 de
1092 4458 1141 4508 hoc
1158 4458 1213 4509 loco
1225 4460 1413 4523 mundatus
1430 4462 1467 4507 est

352 4535 383 4585 in
400 4548 490 4590 comm.
504 4549 535 4600 p.
549 4534 609 4588 187.
673 4531 764 4601 4101.
783 4532 862 4595 lutra
875 4529 905 4597 p.
921 4531 1052 4583 113.125.
1071 4534 1095 4581 ct
1111 4543 1201 4582 comm.
1215 4545 1245 4594 p.
1259 4529 1294 4583 60
1305 4543 1345 4594 sq.
1363 4530 1398 4583 98
1409 4544 1466 4595 sqq.
1483 4542 1515 4581 aa
