3284 5150
507 537 689 594 ANNALES
707 537 999 597 marronam.
1279 544 1315 598 29

299 718 383 772 Anno
410 717 523 771 Domini
545 715 671 777 MLVIL
717 714 866 770 Heinricns
892 716 1043 786 imperator
1069 717 1153 787 obiit,
1181 734 1231 787 pro
1259 729 1389 787 quoram.

193 788 341 844 Heinricus
376 787 449 872 iilius
490 788 547 842 eius
587 787 859 856 quinquennis
898 791 936 842 et
976 805 1039 841 cum
1078 792 1167 843 matre
1203 788 1313 859 Agnete

193 863 520 984 regnnzplepgtbomini
541 927 668 1012 ΜῙιΧΙ..
694 927 785 984 Rome
803 929 920 984 Nicolao
944 947 1017 999 papa
1041 929 1170 984 destructo
1195 929 1314 985 Romani

162 1001 328 1057 oHeinrico
347 1000 407 1070 regi
424 1000 547 1055 eiusdem
564 1017 683 1054 nomime
701 1005 799 1068 quarto
825 1017 956 1054 coronam
981 1005 1009 1056 et
1034 1002 1089 1055 alia
1112 1018 1227 1056 munera
1251 1003 1314 1056 mit-

194 1078 284 1128 tentes
299 1073 334 1126 de
350 1072 450 1126 summi
464 1070 603 1140 pontificis
618 1071 752 1126 electione
767 1088 864 1142 regem
880 1073 1131 1141 interpellaverunt.
1162 1072 1216 1143 Qui
1232 1091 1314 1142 gene·

194 1144 247 1198 reli
272 1142 388 1198 concilio
406 1142 530 1197 Basileae
553 1142 657 1211 habito,
683 1142 813 1211 imposita
839 1159 942 1196 corona
959 1160 976 1196 a
992 1142 1125 1198 Romanis
1149 1143 1315 1212 manumissa,

194 1215 327 1285 patricius
343 1213 533 1269 Romanorum
551 1217 594 1266 est
611 1214 770 1282 appellatus.
808 1212 916 1268 Deinde
937 1215 1078 1268 communi
1101 1215 1225 1268 omnium
1250 1232 1315 1268 con-

194 1285 256 1340 silio
273 1285 516 1353 Romanorumque
538 1285 635 1356 legatis
659 1284 831 1354 eligentibus,
850 1284 983 1339 (lhaldelo
996 1284 1153 1339 Parmensis
1170 1285 1315 1355 episcopus

149 1370 177 1408 ιο
215 1374 267 1426 apa
285 1355 937 1482 ⁰}“ff3‘110tdffimipp⁰¹¹⁸t¹¹³tp³p⁸tffim
961 1373 1111 1438 numquam
1135 1373 1314 1439 possessurus.

195 1445 362 1553 stitus
387 1432 657 1552 essent-lt
671 1443 1315 1568 ttttltttdlttbtssttlblfflt

195 1569 354 1625 Alexander
370 1574 484 1623 vocatus
502 1569 573 1623 sedit
591 1569 669 1622 annis
686 1567 754 1626 XII.

301 1641 385 1695 Anno
411 1640 524 1694 Domini
553 1638 733 1695 ΜΙΛΧΠΠ.ει
778 1639 924 1694 Beatus
955 1640 1121 1694 altmannus
1146 1639 1316 1695 Pataviensis

151 1724 178 1787 ro
195 1712 337 1782 episcopus
360 1712 644 1767 intronizatur.

302 1791 406 1854 Anno
418 1787 559 1852 Domini
571 1787 715 1852 MLXV.
743 1786 845 1852 Hezil
860 1788 1039 1872 episcopus
1051 1788 1316 1871 Argentinensis
1327 1797 1404 1850 1065.

196 1878 297 1956 obiit;
322 1877 379 1942 cui
395 1877 623 1942 Wernharius
644 1876 818 1940 successit.
860 1886 968 1941 Eodem
995 1905 1067 1942 anno
1091 1887 1240 1942 Heinricns
1266 1905 1317 1941 rex

196 1977 267 2014 anno
294 1961 374 2031 regni
401 1961 443 2014 sui
461 1958 562 2028 VIIII,
588 1959 668 2013 etatis
695 1975 782 2014 vero
801 1957 901 2014 ΧΗΙΙ.
924 1960 1062 2014 accinctus
1089 1963 1144 2013 est
1170 1959 1263 2029 gladio
1288 1959 1316 2012 in

196 2031 241 2085 die
259 2030 398 2099 pasche.
434 2029 568 2085 Eodem
587 2046 678 2084 anno
698 2030 907 2085 celebravit
924 2031 1040 2099 nuptias
1059 2048 1135 2084 cum
1152 2030 1317 2084 Praxede

151 2121 179 2160 uo
197 2101 355 2171 reginal.
391 2101 459 2172 Qui
475 2107 605 2169 postea
623 2100 825 2155 adolescentie²
842 2117 891 2154 sue
914 2118 1006 2155 errore
1028 2101 1156 2156 seductus
1180 2101 1316 2169 legittime
1326 2116 1355 2153 o.
1367 2115 1427 2154 roas.

198 2172 370 2242 coniugium
401 2171 470 2225 adeo
498 2171 670 2225 obliviscitur
696 2175 725 2224 et
751 2175 808 2224 tam
836 2170 962 2225 nefandis
988 2172 1148 2226 criminibus
1178 2172 1317 2225 involutus

198 2261 256 2298 esse
283 2243 449 2309 diffamatur,
476 2247 508 2295 ut
535 2241 619 2296 etiam
645 2242 783 2311 principes
809 2258 874 2295 eum
896 2241 1006 2310 privare
1032 2260 1119 2312 regno
1147 2243 1316 2297 molirentur.

196 2314 295 2370 Oiroa⁸
323 2314 398 2368 idem
427 2318 537 2382 tempus
563 2312 762 2367 Heinricus
791 2329 848 2366 rex
877 2313 1112 2382 principibus
1142 2313 1185 2368 ob
1216 2327 1462 2383 opemceaarrsu.

197 2384 289 2440 sibib
316 2385 504 2439 ferendam
532 2388 660 2438 contra
687 2382 849 2438 Saxones
875 2383 1095 2440 reconciliatur⁴.
1140 2383 1227 2438 Nam
1253 2384 1462 2441 becamsora.

152 2475 178 2514 aa
196 2475 262 2528 gens
279 2456 477 2525 inquietissima
493 2455 613 2525 principi
630 2472 680 2509 suo
698 2455 835 2509 rebellans
853 2459 973 2509 castrum
998 2454 1138 2524 quoddam
1155 2455 1317 2510 Harzburch
1327 2452 1392 2490 ‘im‘
1400 2452 1464 2491 W·

196 2529 309 2598 dictum,
338 2527 374 2583 ob
393 2527 515 2583 eiusdem
533 2527 623 2597 gentis
641 2527 876 2597 obpugnationem
904 2543 920 2580 a
946 2543 1032 2598 rege
1058 2526 1088 2581 in
1112 2527 1236 2598 ingressu
1253 2545 1317 2597 pro·
1367 2506 1418 2554 Μ·

196 2600 285 2654 vincie
310 2600 339 2653 in
362 2601 423 2654 loco
442 2600 624 2653 munitissimo
643 2598 797 2666 fundatum,
825 2616 888 2652 cum
916 2599 1031 2672 ecclesia
1057 2598 1181 2653 funditus
1207 2598 1316 2653 delevit.

197 2670 311 2726 Occasio
337 2675 432 2725 tamen
458 2670 539 2723 huius
565 2670 723 2725 rebellionis
748 2686 806 2724 nou
832 2673 942 2723 tantum
969 2687 1004 2724 ex
1025 2670 1150 2739 predicte
1168 2671 1259 2740 gentis
1276 2670 1317 2722 in-

197 2742 355 2809 stabilitate,
383 2741 431 2796 sed
458 2758 492 2794 ex
519 2742 652 2810 principis
678 2741 789 2795 lascivia
816 2746 909 2795 ortum
935 2745 1097 2810 sumpserat.
1142 2740 1216 2794 Dum
1243 2740 1317 2795 enim

153 2831 180 2869 ao
196 2812 337 2883 predictus
354 2813 482 2880 princeps
501 2813 530 2865 in
547 2811 660 2866 iuvenili
679 2812 768 2866 adhuc
787 2812 892 2881 positus
911 2816 992 2882 etate,
1019 2816 1079 2865 toto
1106 2829 1193 2882 regno
1220 2811 1318 2865 silente

198 2883 404 2951 dominiumque
435 2900 514 2936 suum
543 2882 686 2936 humiliter
715 2888 852 2951 portante,
881 2882 1019 2951 prefatam
1049 2888 1152 2937 terram
1181 2882 1318 2952 ingressus

198 2954 301 3021 fuisset,
327 2952 483 3007 iuveniliter
500 2952 601 3007 dixisse
619 2952 708 3006 fertur
733 2970 763 3006 se
787 2954 882 3007 mirari
904 2954 1012 3006 nullum
1029 2971 1080 3022 per
1100 2958 1191 3007 totum
1209 2954 1319 3022 imperii

197 3024 333 3078 ambitum
351 3023 476 3091 inveniri,
501 3023 531 3076 in
549 3039 603 3091 quo
620 3023 692 3077 vires
711 3040 772 3076 suas
798 3040 926 3078 exercere
950 3025 1142 3092 potuisset,
1169 3024 1318 3092 idemque

196 3112 253 3149 non
271 3094 376 3165 virtuti,
395 3094 444 3149 sed
461 3094 571 3165 ignavie
589 3092 747 3162 deputabat.
785 3091 867 3162 Quod
885 3092 990 3147 dictum
1011 3111 1140 3162 percusso
1165 3111 1228 3147 aere
1252 3110 1318 3147 mox

57 3189 64 3202 ·
152 3184 178 3225 aa
196 3184 253 3221 non
270 3166 386 3235 transit,
413 3165 462 3219 sed
480 3169 538 3219 tam
556 3164 705 3219 efficaciter
729 3164 757 3217 in
782 3164 920 3218 mentibus
944 3164 1066 3233 plurium
1092 3163 1206 3218 radices
1232 3163 1319 3234 figens

196 3237 369 3309 germinavit,
396 3240 429 3291 ut
454 3240 514 3290 tota
539 3235 569 3289 in
591 3235 670 3290 brevi
692 3236 836 3305 provincia
860 3235 909 3289 illa
926 3234 1056 3289 adversus
1072 3235 1163 3303 ipsum
1181 3240 1320 3289 commota

197 3310 272 3365 etin
289 3326 375 3363 unum
394 3325 493 3377 corpus
511 3307 664 3362 coadunata
688 3306 839 3361 innumeris
864 3306 975 3376 populis
1002 3310 1031 3360 et
1056 3305 1185 3377 gentibus
1212 3306 1319 3361 letifera

196 3382 295 3450 pocula
324 3379 521 3435 ministraret.
569 3377 662 3449 Igitur
687 3395 751 3432 rex
778 3395 813 3433 ex
840 3376 968 3431 omnibns
998 3378 1077 3447 regni
1103 3377 1253 3432 visceribus
1283 3377 1357 3432 ado.
1368 3392 1418 3442 1‚s.

197 3450 375 3506 debellandos
402 3467 448 3504 eos
474 3449 576 3504 fortem
605 3454 633 3503 et
650 3466 782 3518 magnum
801 3448 917 3502 militem
936 3449 1067 3518 colligens
1084 3449 1238 3518 predictam
1255 3466 1319 3518 pro·

152 3540 179 3579 ao
196 3522 315 3577 vinciam
332 3521 493 3592 ingreditur.
524 3520 649 3574 Fuerunt
667 3521 695 3572 in
711 3519 845 3574 comitatu
861 3521 919 3573 eius
938 3521 1097 3588 quinque
1115 3521 1209 3590 magni
1227 3520 1319 3590 duces,

197 3593 298 3664 singuli
316 3611 379 3648 cum
397 3591 552 3662 legionibut
570 3591 658 3659 suis,
686 3590 920 3646 Zuentiebaldus⁰
941 3590 999 3644 dux
1016 3590 1193 3660 Boemorum,
1212 3590 1319 3646 Guelfo

197 3681 254 3736 dux
283 3680 464 3751 Noricorum,
499 3674 689 3731 Bertholdus
724 3674 789 3731 dux
819 3672 1077 3743 Karinthiorum‚
1112 3676 1167 3749 qni
1201 3678 1234 3731 et
1265 3675 1318 3731 Ze-

198 3858 221 3910 a)
240 3859 272 3897 tta
289 3858 377 3897 librauit
393 3859 526 3908 mkgsntta
542 3859 590 3897 loco
608 3858 698 3899 MLXV.
717 3857 824 3897 merc
842 3858 910 3899 codex
922 3857 943 3908 e,
962 3867 989 3897 a
1002 3868 1044 3907 quo
1061 3862 1134 3897 noster
1146 3858 1259 3906 prorsam
1275 3866 1320 3900 Μ

198 3912 289 3951 oldam.
344 3911 368 3963 b)
385 3911 425 3951 sslli
438 3924 456 3953 a.
512 3912 533 3963 c)
551 3911 615 3952 venit
628 3908 750 3951 ‘l'lebaldus
765 3922 783 3950 c.

153 4088 180 4129 ao
199 4071 226 4139 1)
242 4071 395 4124 Bernoldua
412 4071 449 4122 od
466 4087 492 4124 u.
512 4072 591 4126 1066.
613 4076 718 4122 tamum
736 4067 858 4137 Nuptiae
876 4067 1002 4122 Heinrici
1023 4068 1096 4138 regis
1120 4086 1167 4123 mc
1191 4086 1320 4138 umquam

197 4159 291 4197 nomen
309 4142 426 4195 Beathae
443 4143 548 4208 prioris
565 4143 662 4194 uxoria
673 4140 799 4195 Heinrici
816 4142 927 4196 indicat.
958 4140 1025 4193 Inde
1041 4142 1072 4192 in
1090 4156 1209 4194 moron
1226 4142 1320 4195 duduc

197 4214 336 4269 clarombta
364 4218 453 4267 noem
482 4212 525 4265 bs'e
554 4212 586 4265 de
614 4212 698 4267 alteo
724 4213 900 4265 matrimonio
929 4227 995 4268 cum
1020 4210 1147 4267 Praxede
1175 4215 1244 4266 inito
1272 4215 1321 4280 apt

197 4286 319 4352 credidit,
338 4287 416 4339 cuiue
427 4286 583 4337 monimen
595 4284 746 4337 Bmsoldua
763 4285 801 4337 ad
819 4300 844 4338 a.
860 4284 937 4339 1094„
958 4284 1035 4339 1095.
1048 4284 1118 4348 fecit.
1184 4283 1213 4354 2)
1227 4283 1319 4338 adole·

198 4355 301 4411 scentia
313 4385 347 4396 -
359 4354 524 4409 molirentur
534 4371 569 4408 ec
580 4354 713 4407 Bmolde
723 4355 761 4406 od
779 4371 805 4411 a.
819 4356 897 4410 1068.
969 4356 998 4421 8)
1013 4352 1094 4409 Circa
1104 4384 1140 4395 -
1152 4353 1320 4409 ministraret

155 4442 181 4483 to
198 4429 230 4494 (l.
248 4429 297 4489 38)
320 4444 354 4481 w
377 4428 480 4481 odonis
498 4426 585 4479 Genea
602 4425 740 4483 Fadana·
762 4426 787 4492 Ι,
811 4441 833 4481 c.
851 4426 877 4481 4.
967 4427 996 4494 4)
1022 4426 1065 4491 Of.
1091 4426 1258 4479 meldum
1282 4426 1320 4477 od

198 4516 225 4555 a.
245 4501 329 4555 1074:
355 4496 567 4552 reconciliantur
584 4494 652 4566 regi.
