3284 5150
518 529 699 587 Amanus
717 529 1008 586 Maessnonusna
1288 533 1325 586 43

204 707 350 762 ducatu
373 707 546 763 Saxonis
572 711 737 776 accepto
762 723 878 762 uxorem
903 705 1008 763 duxit¹.
1051 707 1168 761 Alter
1191 691 1472 794 filiusfffffld·

204 778 239 833 id
261 781 316 833 est
332 777 461 847 Welpho,
479 778 493 832 f
497 779 552 831 uit
569 778 697 847 princeps
715 777 850 845 Sardinie,
869 777 925 830 ‹iux
943 776 1058 847 Spoleti,
1076 778 1199 832 marchio
1218 777 1324 834 Tuseie.

311 848 385 904 Sed
413 849 512 904 uude
540 849 717 918 digressi
744 866 873 903 sumus
900 852 1158 905 revertamur.
1203 847 1437 918 Heia-seru.

203 920 288 976 rico
312 921 558 990 imperatore
583 919 793 987 defuncto,
819 924 860 973 ut
884 919 1032 972 dietum
1058 920 1145 988 est²,
1170 918 1326 974 Letharius

171 1009 270 1064 edax
301 1008 443 1063 Saxonum
478 1009 508 1061 in
543 1026 638 1079 regem
674 1008 820 1077 eligitur.
875 1001 969 1074 Quod
1005 1003 1152 1060 nothario
1191 1020 1325 1078 regnum

204 1093 318 1150 datum
355 1091 418 1150 fuit
456 1083 498 1164 [et
531 1083 735 1164 heredibusss]
774 1091 974 1166 imperatoris
1012 1108 1077 1149 non
1114 1095 1164 1150 est
1201 1092 1323 1160 datum,

202 1181 262 1238 hec
290 1197 386 1238 cause
413 1180 484 1237 ruit.
533 1185 713 1240 Heinrico
743 1185 970 1255 imperatore
1000 1185 1149 1240 vivente
1178 1184 1325 1254 imperium

203 1256 350 1325 scinditur3
382 1255 481 1327 [quaeb
512 1257 626 1311 scissura
655 1261 713 1310 tam
743 1257 844 1328 gra]vis
874 1255 942 1324 luit,
972 1260 1004 1311 ut
1032 1261 1127 1326 preter
1152 1255 1439 1323 Ihidericumu.r,12.

203 1327 302 1383 ducem
330 1327 498 1397 fratremque
522 1345 602 1381 suurn
627 1326 848 1382 cunradum
875 1330 905 1382 et
928 1325 1110 1382 (iodefridum
1137 1327 1320 1397 [palatinumb

159 1414 186 1453 10
204 1399 342 1468 comitem]
354 1397 447 1453 Rheni
464 1399 512 1454 vix
530 1399 615 1467 aliqui
634 1416 668 1453 ex
686 1398 856 1468 principibus
874 1397 985 1466 luerint,
1004 1399 1052 1467 qni
1069 1398 1188 1468 principi
1205 1415 1255 1453 suo
1268 1417 1325 1453 non

203 1470 442 1526 rebellaverint.
479 1467 581 1540 [quoti
599 1473 627 1524 et
646 1473 747 1538 quanta
766 1471 841 1540 ergo]
860 1469 918 1524 dux
930 1468 1084 1524 Suevorum
1101 1470 1147 1525 vel
1159 1470 1325 1539 imperatore

202 1544 330 1611 presente
354 1543 398 1595 vel
422 1542 452 1594 in
473 1541 568 1595 Ytalia
592 1545 718 1595 morante
742 1542 805 1596 stilo
831 1545 898 1594 tunc
923 1539 1007 1610 <ligna
1032 1541 1153 1612 gesserit,
1178 1544 1237 1595 tota
1260 1558 1324 1610 pro-

202 1612 293 1667 vincia
311 1629 327 1665 a
345 1611 453 1667 Basilea
470 1629 556 1681 usque
575 1610 728 1681 Magantia,
754 1611 802 1666 ubi
820 1611 942 1665 maxima
958 1613 1000 1666 vis
1017 1612 1097 1681 regui
1114 1629 1172 1666 esse
1194 1613 1324 1680 noscitur,

202 1684 237 1738 ab
264 1683 483 1752 antiquioribus⁸
509 1684 661 1737 nostris
688 1683 778 1738 adhuc
804 1683 834 1735 in
863 1683 998 1737 memoria
1026 1683 1189 1739 habetur.
1233 1681 1325 1752 Igitur
1334 1699 1439 1749 aare.

158 1785 184 1826 re
203 1772 331 1826 omnibus
365 1771 439 1826 circa
467 1770 596 1826 Rhenum
627 1771 663 1825 ed
698 1775 796 1826 nutum
833 1788 913 1826 suum
948 1772 1102 1840 inclinetis,
1138 1764 1325 1824 Gebehardo

202 1855 427 1930 Argentinensi
473 1849 643 1930 episcopo*
684 1864 721 1915 et
757 1860 876 1915 Alberto
913 1858 1077 1931 Maguntino
1119 1860 1324 1930 archiepiscopo

202 1932 307 1985 bellum
327 1931 468 2001 indicit,
485 1933 597 1987 vastatis
621 1932 929 2001 circumquaque
953 1931 1141 1986 omnibus.
1177 1930 1439 1996 Heinricusu.1,15.

202 2002 342 2070 itaque
367 2003 524 2072 imperator,
543 2003 677 2056 revocetis
695 2003 724 2056 iu
741 2020 838 2071 pacem
864 2003 911 2072 qui
935 2005 1015 2056 erant
1039 2002 1065 2056 ei
1089 2003 1228 2072 oppositio
1250 2002 1324 2073 prin-

203 2072 319 2141 cipibus,
337 2072 424 2126 libere
441 2074 545 2141 potitus
564 2073 679 2142 imperio
701 2072 774 2143 apud
798 2074 912 2127 inferius
931 2073 1089 2128 'lhaiectum
1114 2073 1247 2130 obiit⁶.
1283 2073 1325 2126 At
1333 2089 1362 2128 se.
1374 2089 1394 2139 Ι,
1405 2088 1438 2129 rs.

157 2159 184 2197 ao
203 2143 366 2212 imperatrix
377 2142 529 2213 Methildis,
542 2141 667 2198 Heiurioi
685 2143 757 2214 regis
769 2145 925 2214 Anglorum
942 2143 1007 2212 filia,
1025 2145 1130 2214 regalia
1147 2144 1176 2198 in
1188 2147 1324 2213 potestate

203 2231 252 2268 sua
270 2213 397 2270 habebat.
433 2213 523 2283 Quam
540 2214 680 2283 predictus
698 2214 918 2284 archiepiscopus
935 2214 1081 2270 multisd
1099 2213 1324 2284 promissionibus

204 2285 239 2338 ad
257 2285 310 2339 sibi
327 2284 461 2338 tradenda
477 2286 582 2356 regalia
598 2285 715 2342 induxit.
745 2284 838 2356 Igitur
849 2284 982 2341 Albertus
993 2318 1030 2328 -
1041 2303 1107 2340 nam
1125 2286 1154 2339 id
1170 2285 1245 2353 iuris,
1257 2285 1324 2340 dum
1332 2301 1361 2341 o.
1372 2302 1435 2351 mi.

202 2372 319 2439 regnum
337 2354 596 2440 vacathlagsuntini
613 2357 704 2440 archia
725 2357 810 2426 iscopi
821 2357 863 2439 ¹ab
878 2357 1077 2425 antiquioribus
1089 2373 1147 2411 esse
1157 2356 1278 2411 traditur
1290 2388 1323 2396 —

157 2513 184 2552 2⁶
201 2427 1324 2568 iuthi}trithcu.biitmtttlhfflttttitthmtttltu

204 2587 221 2625 a
237 2570 331 2624 multis
351 2575 553 2640 exposceretur,
572 2569 630 2641 ipse
648 2570 812 2625 Lotberium
831 2570 930 2626 ducem
949 2569 1098 2640 Saxonum,
1115 2571 1206 2626 virum
1231 2575 1323 2625 tamen

201 2642 400 2765 ffiprotbitatis
415 2642 554 2766 ᾗᾳῖιιεωῗ
573 2643 648 2725 omni
668 2642 772 2767 honqre
790 2642 915 2712 dignum,
933 2642 962 2696 in
986 2660 1081 2714 regern
1106 2660 1123 2695 a
1148 2643 1252 2697 cunctis
1276 2643 1323 2711 qui

238 2728 302 2767 eran
352 2730 421 2767 rmcr
441 2731 451 2766 1
470 2730 586 2767 usesr
624 2730 745 2775 ersuusr,
895 2754 899 2763 .

309 2730 370 2850 Qge
387 2732 440 2838 resp
448 2730 623 2838 laudabiiitei
641 2784 714 2837 lacta
732 2784 892 2855 gravissime
909 2788 1002 2838 tamen
1021 2786 1136 2839 scissure
1147 2784 1323 2839 seminarium

158 2866 184 2905 ao
203 2852 293 2907 denuo
312 2853 372 2910 fuit.
408 2853 481 2908 Nam
498 2855 638 2924 predictus
655 2855 783 2925 princeps
801 2856 913 2909 consilio
937 2856 1058 2910 eiusdem
1077 2855 1189 2911 Alberti
1206 2854 1323 2926 Magan-

201 2922 255 2977 tini
282 2924 402 2993 episcopi
428 2925 550 2978 nondum
578 2926 641 2978 odio
672 2926 700 2979 in
729 2926 845 2980 heredes
873 2927 1048 2996 imperatoris
1074 2926 1201 2981 Heinrici
1229 2926 1324 2980 saciati

201 2993 374 3048 Fridericum
386 2994 485 3049 ducem
498 2995 694 3064 [fratremquee
711 3012 790 3050 suum
803 2996 961 3050 conradum
975 2998 1156 3066 persequitur.
1186 2997 1323 3051 Dissensio
1332 3014 1361 3055 ss.
1372 3014 1393 3063 1,
1404 3015 1438 3054 ar.

202 3065 287 3135 igitur
310 3064 382 3119 inter
400 3064 564 3119 Irotharium
581 3066 775 3134 imperatorem
801 3070 836 3121 et
852 3066 1026 3122 Fridericum
1044 3068 1152 3139 ducem]
1178 3085 1249 3137 pene
1273 3085 1324 3136 per

202 3136 298 3190 decem
317 3153 401 3190 anuos
425 3135 587 3206 protractar
608 3137 753 3206 imperium
777 3138 917 3205 quiescere
936 3155 991 3193 non
1010 3138 1162 3194 sinebat.
1200 3138 1324 3207 Qualiter

157 3219 183 3260 eu
202 3211 296 3261 autem
314 3207 349 3260 ad
368 3207 496 3261 ultimum
515 3211 643 3277 pacatum
662 3207 754 3277 fuerit,
773 3212 802 3262 et
819 3211 888 3276 quot
904 3212 931 3262 et
949 3214 1051 3278 quanta
1063 3208 1196 3263 virtutum
1207 3209 1324 3280 insignia

201 3277 349 3332 Isothsrins
378 3278 533 3348 reliquerit,
565 3279 624 3347 qui
661 3278 755 3334 scire
792 3279 982 3334 desiderat
1014 3280 1171 3349 hystoriam
1206 3280 1322 3349 ipsius

201 3349 329 3421 legat⁰.
365 3349 499 3419 Itaque
517 3350 691 3404 dissensionis
708 3353 834 3419 tempore
852 3349 1009 3405 Fridericus
1026 3351 1092 3420 dux,
1110 3355 1218 3405 mortua
1235 3368 1323 3405 uxore
1331 3369 1361 3409 u.
1371 3368 1392 3418 1,
1402 3369 1436 3409 aa.

201 3437 250 3475 sua
268 3419 382 3489 *Iudita,
400 3420 535 3475 Friderici
554 3421 663 3476 comitis
682 3421 716 3476 de
735 3420 884 3491 Serburch,
901 3421 994 3476 fratris
1006 3422 1117 3477 Alberti
1129 3422 1362 3492 Maguntiniq.
1373 3440 1429 3483 ses‘.

201 3492 330 3561 episcopi,
339 3491 426 3545 filiam
435 3493 573 3563 Agnetem
582 3509 697 3547 uxorem
707 3492 786 3546 duxit
798 3493 834 3547 ab
848 3492 964 3564 [eaqueb
976 3492 1145 3566 (iunJradum
1156 3494 1321 3563 palatinum

156 3650 183 3688 10
201 3649 224 3701 a)
238 3654 260 3690 et
273 3650 351 3692 heredi
361 3652 468 3701 Bitonem
482 3658 505 3691 at
518 3654 547 3701 cr.
562 3653 624 3701 infra
638 3654 653 3693 l.
664 3654 697 3693 31.
752 3653 776 3705 b)
790 3664 852 3693 vocae
865 3654 945 3693 adasa
958 3665 986 3693 ac
999 3654 1083 3694 Ouinia
1092 3655 1162 3693 Gestis
1170 3654 1233 3694 Frui.
1248 3656 1319 3703 suppl.

202 3706 223 3751 c)
237 3705 346 3753 oppositis
359 3716 377 3744 c.
432 3704 456 3757 d)
469 3707 532 3745 lalsls
541 3707 606 3746 Gesta
613 3707 677 3746 Frid.
732 3707 754 3754 e)
767 3703 848 3746 ducem
856 3717 915 3756 pene
925 3718 952 3757 a,
962 3708 1089 3757 quibusdam
1098 3708 1183 3747 meur
1192 3708 1322 3757 minuentis

202 3756 301 3802 omissis5
314 3758 417 3797 Mimans
430 3760 580 3807 persequitur.
606 3759 720 3800 Dissenslo
733 3760 847 3809 suppleuit.
872 3760 977 3809 Maium
990 3765 1071 3800 imum
1084 3771 1112 3801 m
1125 3762 1196 3800 Gestis
1208 3762 1271 3801 msa.
1289 3763 1322 3801 ita

202 3809 293 3859 restitui,
308 3814 331 3848 ui
344 3820 407 3849 error
419 3812 507 3851 librarii
520 3814 589 3852 nostri
601 3814 666 3861 facila
679 3814 806 3861 moliretur.
861 3814 879 3865 1)
892 3819 1007 3864 pertracta
1021 3826 1040 3855 c.

202 3931 229 4002 1)
242 3932 291 3985 Ea
305 3932 408 3987 osone
421 3936 508 3988 aare
517 3936 597 3992 Frid.
610 3938 635 4004 I,
648 3952 669 3990 c.
684 3938 726 3993 19.
792 3938 820 4005 2)
836 3937 879 4001 ef.
891 3954 978 4005 supra
989 3956 1020 4006 p.
1032 3941 1076 4003 41,
1094 3939 1111 3994 l.
1126 3940 1168 3993 18.
1234 3937 1262 4008 3)
1277 3938 1320 4002 Cf.

155 4013 183 4053 45
203 4004 306 4057 Ottonie
325 4005 406 4057 Gesta
423 4006 502 4062 Frid.
521 4008 546 4073 I,
568 4024 589 4062 c.
608 4010 633 4063 8.
654 4010 696 4063 17.
784 4010 812 4076 4)
833 4007 887 4061 Hic
904 4025 958 4062 non
975 4014 1042 4061 recte
1061 4008 1211 4061 Geiahardi
1227 4012 1322 4062 mentio

200 4074 240 4141 fit,
258 4078 307 4143 qui
326 4077 432 4129 &mum
456 4092 530 4130 anno
548 4080 625 4135 1131.
649 4082 786 4146 epiecopus
810 4082 964 4133 nominatus
980 4086 1033 4140 sat5
1057 4079 1193 4133 camera
1212 4082 1321 4148 proelia

202 4148 271 4199 unni
289 4148 367 4203 1117.
385 4163 445 4200 cum
460 4164 555 4215 mspna
576 4152 644 4201 anni
662 4152 740 4217 1136,
758 4166 840 4217 quam
864 4154 895 4203 in
912 4151 1065 4204 Annalibus
1081 4152 1321 4219 Arpcntinmsihue

199 4218 387 4286 imperialibus
410 4225 584 4272 memoratam
608 4223 708 4273 invenit
731 4222 780 4287 (of.
806 4222 888 4286 infra
910 4240 938 4290 p.
956 4224 1013 4289 44),
1038 4224 1187 4287 wafudim
1208 4224 1319 4279 udatur.

201 4289 228 4355 b)
246 4289 349 4343 Ottonia
363 4291 443 4344 Gesta
454 4290 533 4346 Frid.
546 4292 571 4358 I,
584 4307 606 4346 s.
620 4294 663 4348 15.
680 4299 792 4359 secutus,
811 4293 949 4346 chronicis
966 4295 1064 4347 heum
1075 4299 1184 4347 moriam
1196 4295 1323 4348 Heinrici

155 4367 182 4406 ω
200 4366 300 4413 narrat
305 4379 318 4427 ;
334 4362 370 4427 cf.
389 4363 669 4430 suprap.41,l.18.
738 4364 766 4432 6)
785 4362 814 4415 in
832 4363 923 4432 priore
941 4363 1063 4432 hystoria
1079 4363 1184 4417 dictum
1202 4364 1320 4418 sufficiat

200 4432 274 4499 apud
294 4432 419 4501 Ottmm,
438 4436 487 4501 qui
503 4434 541 4487 ad
553 4434 704 4488 Chronicon
721 4451 800 4487 suum
817 4441 924 4503 speum.
954 4437 999 4489 Aa
1016 4443 1040 4489 si
1058 4435 1197 4489 chronista
1212 4435 1320 4488 Heben·

200 4502 340 4569 burgensis
358 4506 426 4557 mem
445 4520 512 4572 opus
528 4506 742 4573 sipnificoverit?
