3284 5150
532 509 714 566 ANNAnss
732 508 1023 566 MARBAOENSFS.
1289 513 1342 568 66

325 693 467 760 Interea
488 695 526 758 in
547 694 773 759 Theutonicis
796 694 964 778 partibus,
994 693 1228 759 mediantibus
1251 692 1431 758 (lun-1196.

217 785 302 848 rado
325 783 533 868 Maguntino
557 783 815 867 archiepiscopo
840 786 876 848 et
906 783 994 848 duce
1017 782 1141 847 Suevie
1164 783 1338 867 Philippo,

218 892 336 938 omnes
359 873 433 937 fere
456 872 628 957 principes
653 872 800 957 prestito
829 871 1025 938 iuramento
1054 870 1165 935 filium
1194 872 1340 956 impera·

217 962 303 1027 toris
324 960 362 1025 in
385 982 500 1046 regem
525 958 739 1043 elegerunt1.

182 1070 198 1111 s
325 1050 456 1116 Eodem
472 1070 562 1114 anno
577 1050 673 1114 facta
685 1052 738 1114 est
753 1049 903 1112 maxima
914 1068 1023 1113 werra
1034 1049 1126 1114 inter
1138 1047 1339 1114 Ounradum

218 1139 416 1224 episcopum
440 1138 727 1223 Argentinensem
751 1141 789 1203 et
811 1138 974 1202 comitem
998 1137 1172 1216 Ottonem,
1196 1142 1339 1222 propter

218 1249 321 1312 quam
342 1230 420 1292 tota
438 1227 575 1292 Alsatia
596 1246 658 1311 per
673 1226 754 1289 IIII
778 1226 961 1292 continuos
983 1247 1092 1292 annos
1114 1228 1251 1291 vastata
1274 1230 1338 1292 est.

324 1315 406 1401 Ipso
430 1336 522 1381 anno
544 1316 641 1380 facta
663 1319 716 1380 est
735 1315 909 1399 expeditio
926 1314 1229 1380 Iherosolimitana
1244 1315 1336 1380 IIII.

217 1406 309 1471 circa
319 1405 540 1470 nativitatem
553 1404 694 1468 Domini
706 1424 727 1467 a
738 1404 862 1488 supra²
873 1404 1060 1468 nominatis
1076 1400 1336 1489 principi[bus²,
1346 1437 1365 1467 ι.
1375 1427 1428 1469 na.
1438 1425 1474 1468 ss.

171 1518 200 1558 ιο
217 1495 277 1578 qui
292 1513 409 1559 omnes
425 1487 497 1578 per]
513 1492 666 1557 Ytaliam
684 1512 801 1557 versus
818 1513 911 1558 mare
927 1493 994 1558 iter
1009 1513 1111 1557 suum
1126 1494 1336 1559 direxerunt.

324 1585 426 1646 Anno
449 1582 592 1647 Domini
614 1579 829 1645 MOXOVII.
875 1580 1090 1666 Imperatore
1113 1582 1151 1646 in
1175 1577 1333 1667 [Sycilim
1348 1587 1428 1644 1197.

217 1667 413 1754 exiistente,
448 1671 666 1755 imperatrix,
697 1670 787 1736 sicut
817 1670 1007 1748 dicebatur,
1039 1670 1217 1736 simultate
1246 1671 1339 1737 inter

215 1762 307 1846 ipsos
340 1763 459 1826 exorta
489 1759 763 1825 coniurationem
794 1754 990 1840 adlversus²
1020 1760 1263 1844 imperatorem
1293 1760 1337 1826 ab

217 1844 386 1931 omnilbus
409 1848 537 1932 Apulie
561 1852 597 1913 et
620 1840 766 1933 Sycilieb
794 1848 994 1913 civitatibus
1023 1852 1059 1913 et
1082 1849 1235 1914 castellis
1263 1849 1338 1914 fieri

172 1964 198 2003 rs
218 1938 334 2003 effecit
344 1938 365 2015 ³,
391 1938 545 2015 consciis,
570 1936 625 2002 ‘ut
648 1937 771 2015 fertur,
795 1936 989 2001 Lonbardis
1013 1941 1048 2002 et
1063 1937 1237 2015 Romanis,
1261 1937 1437 2023 ipsomma

218 2027 333 2104 etiam,
358 2027 388 2090 si
409 2027 464 2090 fas
487 2030 540 2090 est
563 2026 667 2103 credi,
692 2025 883 2109 apostolico
907 2025 1098 2103 Celestino;
1129 2026 1336 2110 quibusdam

218 2116 323 2180 etiam
345 2115 579 2192 Thentonicis‚
604 2115 664 2197 qui
686 2117 771 2178 tunc
796 2134 912 2179 secum
936 2118 1036 2179 erant
1059 2118 1096 2179 et
1118 2116 1163 2179 ad
1191 2115 1337 2198 impera·

217 2208 328 2269 torem
358 2204 408 2268 ire
437 2202 610 2281 volebant,
642 2202 804 2267 dissuasit
813 2203 836 2281 4,
865 2223 910 2268 ne
944 2204 1046 2268 irent.
1102 2203 1220 2289 Igitur
1253 2205 1337 2268 dum

216 2294 403 2377 imperator
426 2293 461 2355 in
485 2293 634 2376 quadam
657 2292 745 2356 silva
767 2295 910 2376 propter
932 2293 1152 2358 venationem
1167 2296 1334 2370 maneret,

169 2408 196 2446 ao
215 2382 458 2458 coniuratores,
483 2380 586 2465 rege⁵
608 2381 701 2446 inter
724 2401 780 2446 eos
805 2380 941 2446 occulte
957 2381 1149 2446 constituto
1165 2384 1201 2446 et
1221 2381 1337 2446 multi·

213 2472 334 2536 tudine
369 2470 518 2534 maxima
552 2470 644 2535 circa
673 2470 777 2534 XXX
806 2472 1017 2534 armatorum
1051 2471 1148 2534 milia
1177 2469 1334 2548 collecta,

212 2561 326 2645 ipsum
350 2580 536 2643 omnesque
560 2580 639 2625 suos
662 2559 766 2624 huius
789 2560 839 2625 rei
862 2559 1001 2644 ignaros
1025 2560 1191 2645 perimere
1207 2563 1336 2627 statue·

212 2653 305 2715 runt.
352 2648 453 2728 Quod
477 2652 514 2713 et
536 2649 710 2727 fecissent,
734 2649 802 2714 nisi
826 2650 921 2733 prius
950 2650 1139 2733 imperator
1167 2671 1189 2714 a
1219 2651 1334 2715 coniu-

213 2738 358 2802 rationis
382 2738 517 2802 conscio
536 2738 750 2821 premonitus
765 2737 953 2803 Messinam
969 2738 1156 2816 civitatem,
1173 2738 1235 2803 ubi
1249 2742 1334 2803 tunc
1344 2757 1434 2807 (noo)-

169 2851 196 2891 a
215 2826 351 2909 dapifer
380 2846 462 2889 suus
485 2826 737 2909 Marquardus⁶
766 2827 940 2905 manebat,
971 2828 1219 2911 confugisset&
1265 2826 1335 2907 Qui

214 2914 320 2978 etiam
343 2913 572 2996 Marquardus
595 2935 673 2979 cum
697 2914 863 2980 Heinrico
886 2915 1105 2993 marscalco⁷,
1130 2917 1335 2981 coadunatis

213 3003 333 3087 paucis
355 3006 428 3065 tam
446 3002 489 3067 de
505 3002 575 3066 suis
591 3022 694 3086 quam
710 3003 753 3068 de
769 3004 969 3129 peregrinis,
986 3025 1071 3087 quos
1087 3006 1333 3083 conduxerant,

214 3111 293 3155 cum
312 3091 463 3155 inimicis
479 3091 672 3174 congressi8
694 3091 767 3156 fere
807 3112 926 3157 omnes
949 3093 1149 3158 ceciderunt
1165 3096 1200 3157 et
1216 3113 1335 3176 regem

132 3200 134 3204 ’
213 3180 366 3264 ipsorum
390 3200 468 3244 cum
492 3180 570 3244 aliis
593 3180 797 3263 quibusdam
821 3180 976 3247 eiusdem
998 3182 1161 3247 factionis
1189 3183 1335 3247 auctori·

168 3294 195 3335 co
213 3269 277 3334 bus
293 3269 388 3333 vivos
405 3272 586 3353 ceperunt;
604 3290 689 3352 quos
708 3270 896 3354 imperator
915 3270 1157 3335 miserabiliter
1173 3269 1336 3336 ‘cruciari

101 3348 136 3398 ‘a
147 3349 193 3392 1⁶⁸·
212 3358 378 3442 precepit.
416 3358 505 3421 Nam
529 3362 680 3441 regem0,
704 3362 867 3444 presente
889 3360 1108 3443 imperatrice
1131 3362 1168 3423 et
1182 3360 1333 3438 ridente,

212 3467 374 3520 coronam
398 3446 503 3511 claris
533 3447 654 3512 ferreis
682 3448 790 3532 capiti
820 3448 894 3512 eius
924 3448 1022 3531 affigi
1052 3449 1153 3512 iussit
1182 3453 1218 3514 et
1248 3449 1335 3514 alios

212 3600 234 3652 a)
247 3601 279 3638 ita
293 3600 397 3639 Boehmcr
410 3605 428 3639 ct
442 3601 554 3641 Wilmanc.
608 3602 632 3653 b)
645 3601 721 3653 Syclle
734 3614 752 3643 c.
808 3602 829 3654 c)
844 3613 858 3650 g
871 3613 899 3641 ea
913 3613 971 3643 corr.
1026 3599 1050 3655 d)
1064 3604 1113 3644 lece
1126 3616 1145 3645 c.
1200 3605 1221 3655 e)
1237 3605 1268 3644 ita
1282 3615 1301 3645 c.

214 3708 240 3774 l)
267 3705 461 3772 Francofurti,
488 3722 560 3760 anno
585 3709 663 3763 1196.
689 3714 804 3763 areuna
896 3711 924 3776 2)
950 3708 996 3773 Of.
1016 3726 1047 3778 p.
1066 3712 1111 3769 66.
1199 3711 1229 3781 3)
1252 3712 1335 3767 Hanc

168 3789 195 3830 ct
212 3779 420 3829 coniurationem
439 3794 523 3831 nume
534 3777 611 3831 Maio
627 3786 751 3832 emmam
768 3796 822 3832 cccc
835 3785 897 3845 post
908 3779 1191 3846 Semper-Boiotcrct
1208 3790 1233 3835 ot
1246 3782 1335 3835 Oiten-

212 3848 285 3915 dorf,
304 3848 363 3901 ‘Dic
374 3848 527 3916 chicruap
541 3850 590 3901 dci·
605 3851 699 3903 letzim
714 3850 803 3903 beiden
816 3850 1100 3918 Nmnmaoaipc'
1111 3871 1141 3921 p.
1159 3854 1202 3907 64.
1222 3854 1335 3905 miciidit

213 3919 293 3986 caro,
318 3919 378 3972 ‘Dic
401 3918 587 3987 Berichuwcn
612 3922 757 3975 Heinrich-c
781 3920 829 3976 VI.
856 3938 910 3973 zur
933 3923 1085 3975 rimiccten
1110 3923 1212 3976 Kurie’
1233 3940 1263 3991 p.
1289 3925 1335 3980 55.

211 3992 240 4056 4)
255 3990 356 4043 Scilicet
368 4007 454 4059 popa,
467 4006 521 4043 non
534 3991 740 4064 Constantiani
753 3992 860 4059 Porciae,
877 3992 1019 4046 ‘Heinrich
1035 3993 1090 4049 VI!
1102 3996 1207 4061 11466.
1223 3997 1334 4051 censuit.

213 4061 386 4114 Coclcatiaum
402 4064 601 4116 coniurationia
618 4064 750 4115 marcium
768 4078 823 4115 aon
847 4066 932 4129 soraee
953 4064 1121 4133 Leincwcbor,
1141 4065 1262 4119 ‘Studien
1279 4083 1334 4119 zur

166 4145 194 4186 lo
213 4132 363 4185 Gachiciiic
387 4133 474 4199 Pupsi
499 4133 641 4186 Omkctinc
664 4134 729 4188 ΙΙΙ]
750 4150 780 4201 p.
803 4136 847 4189 60.
871 4150 926 4187 non
946 4136 1104 4201 probavisse
1127 4134 1197 4188 mihi
1219 4139 1333 4193 videtur.

211 4203 240 4271 5)
260 4204 416 4270 Ryccordue
433 4204 464 4257 dc
482 4203 579 4256 Sancto
598 4204 733 4257 Germano
752 4206 789 4257 nd
813 4221 840 4259 a.
860 4207 929 4260 1197
947 4206 1010 4271 (SS.
1030 4206 1112 4274 XIX,
1133 4225 1164 4276 p.
1183 4210 1250 4277 329)
1275 4224 1334 4262 eum

213 4274 385 4327 Gsiilicinrum
394 4273 566 4340 Monachum,
578 4276 754 4328 casaliacum
764 4276 856 4329 Casti-i
867 4276 1007 4344 Iohanne,
1020 4281 1149 4335 nominat.
1213 4280 1240 4350 6)
1254 4279 1336 4332 Mar-

211 4346 334 4412 quardue
351 4346 397 4398 illc
414 4346 446 4398 dc
463 4346 603 4400 Aawcilcr.
636 4346 676 4400 W.
757 4348 785 4414 7)
812 4349 854 4400 Dc
871 4348 1019 4402 Kalendia.
1098 4350 1127 4420 8)
1154 4351 1197 4416 dt.
1215 4350 1337 4403 rimoldi

211 4416 363 4540 ἕῆενοῦιίωη
378 4417 448 4547 ζῶα.
462 4417 496 4471 26
515 4415 577 4483 (SS.
596 4417 679 4485 XXI,
693 4433 723 4484 p.
736 4420 803 4484 283)
820 4425 846 4471 et
863 4420 1024 4474 Antistium
1042 4421 1151 4486 (Fortia
1169 4437 1223 4476 rer.
1236 4422 1333 4478 Austr.

165 4500 194 4541 ss
253 4528 259 4541 .
299 4525 308 4552 ,
329 4503 360 4554 p.
430 4528 437 4543 .
