3284 5150
347 542 398 596 112
545 536 727 593 ANNALES
745 534 1068 592 ARGENTINENSES
1085 534 1267 594 simonos,

452 720 483 785 Ι.
519 720 597 785 Non
618 719 715 785 mutto
731 726 807 802 post
828 740 859 783 a.
886 724 981 784 1246.
1011 718 1160 783 Annales
1180 718 1320 785 minores
1340 718 1380 785 iu
1401 718 1464 802 epi-

344 815 447 873 tomen
468 808 549 875 satis
572 815 694 875 tenuem
716 810 757 874 ab
780 831 811 874 a.
831 815 916 874 1162
924 814 1068 873 -1246,
1087 813 1212 873 coactae
1234 814 1263 873 et
1276 808 1324 873 ita
1338 810 1465 874 duabus

344 896 489 980 cronicis,
514 898 631 981 paucis
659 898 711 963 tric
739 896 808 963 itlr'c
834 896 972 978 mutatis,
1003 895 1164 962 snbiuucti
1185 904 1268 962 sunt.
1319 898 1465 980 Quarum

344 987 447 1052 attera
476 993 546 1053 erat
579 985 659 1052 tiber
693 984 866 1066 Gortefricti
895 983 1103 1051 Viteroiensis
1130 984 1187 1067 qui
1215 986 1382 1052 Pantheon
1413 986 1464 1051 in·

343 1074 501 1159 scribitur,
526 1076 629 1141 attera
651 1075 765 1157 Imapo
787 1073 902 1140 muudi
922 1073 1066 1140 Houorii
1087 1075 1395 1157 Aupustodunensrs.
1481 1101 1498 1140 s

454 1181 723 1263 Godefridiouae
745 1180 865 1247 dicitnr
883 1179 1089 1247 Continuatio
1103 1180 1372 1261 Arpentineusis¹
1393 1181 1465 1247 iam

343 1292 408 1336 non
436 1270 474 1335 in
503 1270 690 1355 exemplari,
722 1270 774 1335 oni
801 1269 890 1335 circa
919 1291 949 1334 a.
977 1275 1072 1335 1246.
1102 1269 1225 1335 inserta
1253 1276 1311 1353 est,
1341 1271 1398 1335 sed
1423 1271 1464 1335 in

343 1359 524 1442 apoproptio
557 1359 641 1442 eius,
673 1359 784 1443 priore
811 1365 910 1444 parte
943 1360 1009 1425 cod.
1044 1358 1119 1425 Lat.
1154 1359 1465 1425 Monacensis

342 1469 394 1514 nr.
419 1453 546 1513 21259.
576 1454 706 1514 eucunte
734 1468 815 1514 saec.
840 1447 957 1514 decimo
980 1446 1071 1512 tertio
1092 1468 1161 1512 uua
1183 1468 1282 1512 manu
1304 1450 1464 1513 eaorota²

341 1538 398 1618 fot.
423 1544 497 1602 223.
526 1544 602 1621 post
634 1537 810 1619 catatopum
838 1556 1003 1619 paparum
1031 1542 1061 1600 et
1092 1536 1319 1618 imperatorum
1349 1543 1512 1605 emetat-10

341 1626 367 1690 I
368 1625 399 1691 m·
427 1626 527 1709 ipitur
556 1625 693 1708 epitome,
722 1625 869 1708 pluribus
898 1624 1033 1707 omissis,
1064 1624 1174 1689 ceteris
1202 1625 1382 1691 accuratius
1411 1647 1464 1691 en-

341 1715 479 1800 ssm'ptis,
510 1715 602 1781 nobis
633 1721 798 1797 servatur,·
826 1716 911 1779 uncte
940 1713 1081 1780 cmicias
1109 1735 1147 1779 so
1177 1735 1257 1796 quae
1286 1715 1355 1779 sota
1381 1713 1463 1781 oon·

341 1803 519 1870 tinuatione
553 1804 724 1884 Godefricti
753 1804 799 1868 ad
829 1824 888 1868 nos
914 1809 1130 1885 peruenerunt
1159 1824 1198 1867 ea
1231 1803 1303 1886 ipso
1332 1802 1464 1886 epitome

341 1894 506 1977 desumpta
528 1899 558 1959 et
579 1896 624 1958 ad
644 1893 733 1957 Anu.
757 1891 1009 1975 Arpentinenses
1030 1891 1170 1956 minores
1191 1893 1361 1973 referenda
1383 1914 1460 1958 esse.

342 1983 428 2048 Sane
447 2003 510 2066 pro
533 1988 615 2048 certo
637 1983 714 2047 haee
736 1981 866 2046 omnino
888 2002 954 2046 uon
976 1986 1130 2047 constant.
1484 2012 1510 2050 ιο

447 2087 593 2154 Alterum
604 2088 694 2153 iltius
705 2087 860 2155 breviarii
871 2087 1187 2172 euemptarImapini
1197 2087 1462 2153 monotHouorii

339 2175 538 2242 subiunctum
561 2183 614 2242 est.
660 2176 723 2244 ou
748 2198 818 2242 cum
847 2199 886 2244 eo
908 2198 989 2259 quae
1018 2177 1063 2241 ad
1091 2198 1122 2241 a.
1149 2182 1243 2242 1246.
1274 2177 1313 2242 de
1333 2176 1440 2260 proet'

340 2268 428 2347 opust
441 2265 669 2346 Frankenfurt
684 2266 846 2331 commisso
861 2272 1043 2332 narrantur
1058 2287 1079 2330 a
1100 2264 1344 2332 Continuatione
1361 2266 1459 2332 Goele-

339 2354 423 2435 fricti
437 2357 586 2420 recedant
595 2356 616 2436 ³,
631 2354 777 2437 proxime
792 2357 945 2420 accedant
959 2356 1004 2420 aci
1020 2354 1296 2420 continuationem
1310 2354 1459 2438 Arpeuti-

340 2465 467 2507 mensem
492 2444 636 2508 Houorii
658 2442 955 2526 Ampustoctunensis
983 2442 1067 2508 iuter
1095 2465 1199 2508 annos
1224 2438 1456 2509 ’1246-1249.
1478 2466 1504 2505 so

340 2530 558 2614 couscriptum,
582 2553 662 2615 quae
691 2531 848 2598 Chronico
871 2531 1067 2598 Ettenttardi
1089 2532 1226 2599 subiecta
1249 2534 1323 2616 esu,
1349 2539 1459 2599 auctor

339 2622 435 2686 tinius
462 2620 719 2687 Continuatiom‘s
748 2621 901 2704 epitomen
923 2621 1104 2686 Annalium
1126 2623 1207 2705 Arp.
1231 2622 1391 2688 minorum
1420 2622 1458 2687 in

340 2710 475 2775 codicem
498 2710 661 2792 Imopinis
689 2709 802 2775 mundi
826 2711 926 2792 panto
949 2716 1023 2792 post
1051 2732 1082 2775 a.
1110 2717 1205 2774 1246.
1236 2711 1457 2778 transtulisse⁵

340 2805 369 2864 et
390 2798 575 2864 relationem
596 2799 686 2864 illius
708 2797 790 2864 anui
811 2798 880 2881 ipse
901 2799 1184 2879 transformavisse
1209 2799 1341 2866 uidetur.
1388 2802 1457 2866 Nec

334 2889 433 2969 ptane
456 2887 650 2953 reiciendum
672 2887 723 2970 sit,
747 2887 776 2952 si
798 2887 871 2970 quis
893 2887 997 2970 ipsum
1020 2895 1178 2954 auctorem
1198 2888 1456 2955 Oonrinnmtonis
1476 2918 1504 2957 ss

338 2976 482 3041 Houorii
509 2979 676 3043 contendat
697 2977 787 3042 Anu.
811 2977 893 3061 Arp.
923 2976 1062 3042 minores
1089 2977 1127 3042 in
1150 2977 1295 3060 epitomes
1317 2979 1457 3059 formam

338 3065 426 3132 circa
449 3088 479 3131 a.
499 3073 592 3132 1246.
618 3066 781 3150 redepisse.

446 3164 529 3230 Inde
552 3171 641 3247 patet
670 3163 818 3246 som'ptori
841 3162 967 3246 prioris
989 3163 1099 3246 partis
1122 3164 1239 3229 codicis
1260 3164 1457 3230 Ettentcarcti

339 3276 369 3318 a.
389 3259 484 3319 1292.
509 3255 643 3319 codicem
657 3252 801 3318 Houorii
818 3258 948 3334 praesto
966 3252 1076 3334 fuisse,
1100 3274 1161 3337 qno
1176 3253 1322 3335 Imapini
1344 3254 1457 3319 mundi

339 3341 468 3422 epitome
498 3363 527 3406 a.
556 3348 789 3408 1132-1246.
821 3339 988 3406 subiuncta
1010 3341 1129 3424 fuerit·
1157 3343 1233 3424 epse,
1258 3341 1325 3407 nisi
1346 3343 1454 3423 failor,
1475 3372 1505 3411 so

337 3429 375 3494 in
397 3428 442 3494 iis
463 3451 544 3512 quoe
571 3432 616 3495 aci
636 3453 667 3495 a.
694 3435 789 3494 1226.
820 3436 974 3495 notantur
990 3451 1099 3512 pauca
1123 3430 1278 3496 mutavit⁶
1300 3438 1330 3496 et
1351 3434 1457 3497 breues

338 3524 430 3582 notas
463 3517 632 3584 historicos
668 3541 698 3584 a.
725 3525 821 3584 1262.
859 3525 888 3583 et
920 3525 1014 3584 1273.
1049 3519 1175 3602 educit,
1213 3520 1324 3585 mortis
1360 3521 1456 3586 etiam

338 3606 470 3688 Rooom
492 3607 648 3672 mentione
670 3607 792 3673 addita.

339 3818 366 3884 1)
388 3818 472 3869 Edita
491 3823 528 3869 est
547 3833 565 3868 o
584 3817 616 3871 G.
633 3817 722 3869 Waitz
740 3817 763 3872 b.
776 3833 810 3871 m.
830 3817 878 3871 SS.
891 3816 987 3884 XXII,
1002 3835 1031 3885 p.
1045 3821 1145 3886 341sq.
1178 3819 1218 3884 Cf.
1237 3835 1306 3887 quac
1323 3820 1355 3871 de
1372 3821 1457 3873 noso

338 3889 466 3941 disseruit
483 3889 578 3941 ibidem
591 3905 621 3955 p.
636 3890 670 3943 14
679 3904 717 3955 so.
748 3889 778 3943 V.
797 3889 835 3942 Oi.
851 3888 883 3940 G.
896 3887 1039 3955 Leainon
1051 3890 1217 3942 Monacensis
1234 3907 1333 3942 meeum
1344 3907 1376 3943 ca
1387 3906 1456 3943 com-
1475 3905 1504 3945 so

338 3963 491 4026 munioaoit,
517 3976 584 4028 quoe
602 3961 634 4011 otc
652 3965 735 4012 aetate
753 3967 777 4011 et
794 3961 826 4010 cte
847 3962 985 4026 scriptura
1003 3961 1099 4013 codicis
1123 3962 1160 4013 ad
1177 3962 1315 4014 editionem
1334 3969 1457 4015 nostram

334 4033 492 4099 parandam
517 4033 633 4083 aticuius
657 4033 782 4083 momenti
805 4047 859 4083 esse
878 4038 1003 4097 posnan·
1028 4034 1084 4098 ipse
1108 4034 1206 4083 iterum
1225 4034 1456 4086 continuationem

339 4117 398 4153 cum
416 4104 527 4156 cantone
545 4104 581 4154 act
598 4104 716 4155 ttttu·am
735 4109 857 4154 accurate
874 4103 991 4157 cmotutit.
1064 4103 1093 4172 2)
1111 4103 1170 4157 Fu.
1187 4106 1326 4170 57-232,
1345 4120 1408 4169 uon,
1426 4111 1457 4156 ut

340 4173 372 4228 G.
397 4173 485 4224 Woitz
512 4177 626 4239 censuit,
653 4175 766 4225 divorsis
795 4173 921 4225 montom
947 4175 1073 4239 scripta..
1148 4174 1175 4244 3)
1204 4175 1246 4241 Cf.
1274 4177 1459 4228 mmmentarii

333 4260 406 4312 pars
424 4244 486 4310 III,
511 4263 531 4298 c.
551 4245 581 4312 I,
607 4245 668 4312 §L
756 4245 785 4311 4)
810 4244 844 4298 L.
869 4261 890 4298 e.
914 4245 1030 4310 protaoi
1050 4248 1172 4312 priorem
1195 4252 1304 4312 partem
1329 4246 1458 4299 acronio
1473 4262 1502 4301 oo

337 4316 502 4369 Etlonhardi
524 4332 606 4382 usque
630 4317 666 4368 aa
691 4332 716 4370 a.
738 4318 814 4370 1249.
840 4316 896 4366 iltis
920 4316 1081 4382 temporibus
1098 4320 1265 4383 Arpcutinac
1285 4321 1414 4385 scriptam
1431 4325 1457 4369 ct

340 4389 465 4453 Oatatooo
483 4390 677 4455 imperatorum
699 4403 733 4438 ea
750 4386 874 4438 Honorio
897 4386 1033 4455 desumpto
1050 4389 1173 4439 adimam
1196 4405 1257 4444 esso.
1335 4392 1363 4454 5)
1383 4390 1456 4442 Noto

334 4462 503 4528 pracsertim,
526 4460 596 4526 quod
616 4459 762 4510 Heinricue
786 4458 818 4509 de
843 4458 999 4523 Thuriupia
1023 4458 1209 4512 serenissimus
1233 4464 1385 4513 nominetur·
1409 4461 1454 4530 (cf.

334 4549 363 4598 p.
384 4533 444 4596 116,
462 4547 490 4584 n.
509 4529 547 4600 g).
621 4532 648 4597 6)
667 4529 708 4593 Cf.
727 4529 808 4593 infra
822 4545 852 4596 p.
864 4531 923 4595 116,
942 4546 970 4587 u,
987 4544 1010 4585 e.
