3284 5150
521 528 702 583 ANNALES
720 528 1012 585 MARBAOENSES.
1290 533 1328 587 83

207 716 388 797 ceperunt;
421 716 456 777 et
479 714 539 796 qui
570 712 665 797 prius
695 712 863 795 gregatim
889 715 925 776 et
948 732 1009 795 per
1031 714 1163 775 turmas
1186 731 1265 776 suas
1288 715 1325 777 et
1334 734 1393 776 aas.
1403 735 1473 776 rae.

206 822 394 883 numquam
430 802 503 865 sine
539 804 645 865 cantu
680 800 881 865 celeumatis
912 801 1058 881 transire
1082 799 1240 865 solebant
1263 821 1326 885 per

205 896 325 966 terras,
362 891 464 954 modo
499 890 702 973 singillatim
738 892 773 953 et
806 890 845 951 in
878 888 1027 966 silentio,
1062 888 1253 973 nudipedes
1288 893 1324 954 et

205 978 359 1042 famelici
382 980 565 1043 redeuntes
587 978 676 1042 facti
700 980 782 1041 sunt
805 978 964 1041 omnibus
991 978 1029 1040 in
1052 977 1211 1055 derisum,
1242 978 1324 1061 qnia

172 1090 186 1129 s
206 1067 354 1151 plurime
370 1068 518 1150 virgines
533 1070 632 1150 rapte
650 1070 685 1131 et
703 1066 821 1130 florem
840 1067 1030 1150 pudicicie²
1047 1086 1107 1131 sue
1123 1067 1323 1131 amiserunt.

313 1156 443 1221 Eodem
467 1176 557 1220 anno
580 1155 676 1219 facta
699 1159 752 1219 est
776 1154 950 1238 expeditio
978 1174 1079 1219 cruce
1110 1156 1324 1238 signatorum
1335 1162 1414 1215 1212.

206 1265 226 1307 a
250 1244 337 1309 duce
361 1243 523 1308 Austrisl
547 1246 582 1309 et
605 1243 818 1326 quibusdam
843 1249 934 1308 terre
965 1243 1152 1307 baronibus
1178 1244 1324 1327 aliisque

205 1333 338 1397 diverse
377 1332 586 1397 conditionis
621 1332 820 1395 hominibus
853 1332 891 1395 in
925 1332 1093 1396 auxilium
1128 1332 1247 1397 comiti
1282 1332 1324 1398 de

206 1422 425 1484 Muniorrat²
448 1422 493 1485 ad
515 1421 778 1504 inpugnandum
802 1420 994 1498 Albienses‚
1023 1422 1082 1504 qui
1105 1424 1141 1485 et
1163 1421 1326 1504 Ruptarii

159 1533 186 1572 ιο
205 1510 259 1574 vel
284 1509 458 1588 Oeterelli,
494 1510 665 1575 hereticos
701 1509 834 1573 scilicet
865 1510 907 1574 de
937 1513 1031 1575 terra
1054 1509 1174 1574 Sancti
1197 1509 1323 1594 Egidii,

205 1600 392 1663 mandante
422 1600 487 1663 hoo
517 1599 631 1682 ipsum
661 1602 697 1663 et
727 1601 852 1681 agente
887 1618 977 1682 papa
1007 1599 1229 1676 Innocentio,
1265 1600 1325 1682 qui

204 1688 271 1752 iter
293 1687 383 1751 illud
402 1688 538 1771 iniungi
560 1687 713 1752 faciebat
739 1688 777 1750 in
806 1687 1042 1751 remissionem
1072 1687 1323 1769 peccatorumi.

312 1777 504 1842 Redeamus
528 1798 620 1840 nunc
644 1777 689 1840 ad
712 1776 902 1859 hystoriam
926 1776 969 1839 de
994 1768 1157 1841 ottoneb.
1193 1775 1324 1841 Videns

204 1866 313 1947 igitur
332 1886 421 1949 papa
440 1866 664 1948 pertinatiam
684 1863 835 1942 Ottonis,
859 1884 961 1947 quem
985 1864 1080 1948 prius
1104 1864 1141 1927 in
1164 1864 1324 1929 omnibus

160 1955 340 2018 refoverat
379 1957 414 2019 et
451 1954 488 2017 in
528 1954 638 2017 altum
677 1953 940 2031 sublimaverat,
988 1974 1066 2017 cum
1104 1973 1215 2036 neque
1260 1974 1323 2038 pro

204 2042 422 2106 absolutione
467 2063 531 2106 nec
578 2063 640 2125 pro
682 2042 931 2126 compositione
977 2042 1094 2125 aliqua
1138 2042 1322 2120 laboraret,

205 2130 299 2193 misit
336 2131 374 2193 in
413 2129 574 2213 Syoiliam
613 2134 648 2195 et
692 2130 811 2194 eduxit
849 2131 930 2195 inde
969 2131 1181 2195 Friderioum
1220 2150 1424 2215 supraema.)

205 2218 454 2282 memoratum4
488 2218 645 2283 Heinrici
679 2219 853 2301 quondam
887 2219 1104 2301 imperatoris
1142 2219 1251 2283 filium
1288 2223 1324 2284 et

205 2306 341 2371 litteras
365 2306 465 2371 suas⁵
488 2308 615 2372 direxit
638 2307 805 2371 universis
829 2310 921 2372 terre
944 2306 1174 2391 principibus3
1199 2307 1323 2391 quibus

159 2418 185 2457 ao
205 2396 303 2461 dedit
332 2396 370 2459 in
400 2397 582 2473 mandatis,
613 2399 654 2460 ut
687 2397 835 2461 eundem
865 2394 1093 2460 *Fridericum
1127 2395 1203 2460 loco
1232 2396 1323 2479 regis

88 2472 185 2521 ‘2¹⁷³'
204 2485 418 2568 susciperent
441 2488 476 2549 et
500 2487 766 2550 manutenerent
790 2488 827 2549 et
851 2483 888 2547 in
917 2483 1077 2547 omnibus
1107 2484 1140 2548 ei
1169 2487 1324 2550 astarent

203 2574 335 2658 sibique
353 2575 549 2639 transeunti
568 2596 629 2659 per
644 2578 753 2640 terras
769 2574 913 2658 quisque
930 2595 992 2639 suo
1007 2574 1084 2638 loco
1101 2571 1323 2655 *conductum
1333 2599 1362 2647 tf.
1372 2600 1420 2642 ns.

204 2663 390 2728 honorifice
414 2663 608 2746 preberent.
656 2662 756 2742 Quod
780 2663 970 2726 etinctum
996 2665 1058 2728 est.
1102 2661 1323 2747 Comperiens

204 2750 288 2816 Otto
327 2751 494 2816 Friderici
532 2753 730 2830 adventum,
770 2752 938 2816 desistens
977 2751 1020 2816 ab
1059 2752 1323 2835 impugnatione

158 2860 185 2900 aa
203 2840 389 2924 lantgravii
418 2841 648 2924 proficiscitur
670 2841 807 2904 obviam
835 2841 1040 2905 adversaria.
1088 2839 1263 2919 Quidum
1286 2841 1414 2914 inmas.)

203 2929 361 3014 partibus
391 2928 535 2994 Sueviae
567 2929 807 2994 convenissent
816 2929 837 3005 ⁶,
869 2927 954 2993 Otto
985 2950 1064 2992 cum
1096 2929 1167 2992 suis
1203 2930 1323 2994 cedere

204 3016 400 3101 compulsus
425 3019 477 3082 est
500 3021 536 3082 et
561 3017 737 3101 prevalere
767 3037 838 3081 non
868 3017 993 3099 potuit,
1025 3016 1107 3098 quia
1137 3037 1200 3099 pro
1230 3020 1324 3080 tena-

204 3106 310 3170 citate
341 3127 403 3170 sua
437 3105 540 3169 multi
570 3126 648 3170 eum
679 3104 988 3189 relinquebant⁰·⁷.
1046 3104 1172 3167 Adhuc
1206 3107 1325 3169 tamen

204 3194 334 3259 habens
370 3195 533 3260 fiduciam
566 3194 603 3257 in
638 3193 711 3258 solo
747 3194 834 3257 duce
869 3194 912 3257 de
942 3193 1111 3275 Zeringen
1145 3193 1325 3257 descendit

157 3383 186 3424 80
203 3386 225 3435 a)
244 3383 334 3434 pudicis
347 3396 366 3424 c.
447 3386 470 3432 b)
487 3385 582 3432 tortasse
597 3385 667 3423 macie
684 3384 783 3423 namatio
800 3383 903 3424 uranicae
916 3383 1105 3432 Hoheniummsis
1122 3384 1149 3422 de
1166 3384 1226 3422 clade
1242 3383 1326 3423 ottonis

201 3439 285 3485 fusiora
298 3439 391 3477 historia
404 3437 492 3477 librarii
505 3438 664 3486 Neoiuraeneis
677 3438 711 3476 iric
724 3441 805 3476 semota
817 3441 855 3476 ast.
910 3437 931 3488 c)
946 3437 979 3474 ita
992 3448 1010 3476 c.

205 3581 231 3644 1)
251 3580 393 3647 Ltupotto.
461 3580 488 3645 2)
510 3578 616 3632 Simoni
632 3581 663 3632 dc
676 3580 817 3642 Mmttsori.
831 3608 866 3617 -
878 3580 1000 3631 Annales
1011 3581 1141 3631 Ananiae
1159 3580 1207 3644 (ci.
1221 3578 1324 3634 Contin.

206 3649 453 3717 Cianotrmmoburo.
474 3651 510 3702 ad
527 3667 553 3704 a,
567 3653 645 3717 1213,
661 3651 709 3705 SS.
722 3650 776 3717 IX,
792 3667 821 3716 p.
836 3652 902 3712 622)
920 3657 1039 3702 narrant
1057 3653 1148 3702 ducem
1160 3651 1325 3716 Iiupoldum

204 3721 241 3772 ad
258 3721 446 3788 Hispanorum
465 3722 600 3773 auxilinm
615 3722 766 3789 profectum
784 3736 845 3787 aesc,
864 3724 990 3786 quitum
1010 3723 1202 3786 pravissimam
1219 3720 1324 3773 Sarra-

157 3807 185 3848 35
203 3807 328 3844 cenorum
346 3795 510 3846 invasionem
527 3795 603 3860 passi
620 3798 692 3846 sunt.
736 3793 773 3844 At
791 3795 848 3843 iam
866 3798 927 3843 ante
946 3793 1085 3844 adventum
1112 3794 1169 3844 eius
1194 3794 1326 3844 caecam

205 3863 379 3916 Christianus
396 3865 438 3917 dic
456 3866 497 3918 16.
511 3864 578 3914 Iulii
595 3865 713 3918 α.1212.
731 3865 871 3915 victoriam
888 3864 1080 3928 deportaverat.
1111 3863 1245 3927 Jnritcch,
1263 3862 1325 3912 ‘Ge-

203 3935 315 3986 schiehte
336 3935 384 3986 dai·
402 3935 599 4001 Babanberyer’
612 3951 644 4001 p.
662 3937 724 3989 419.
744 3934 874 3986 Oronicae
891 3940 998 3986 nostrae
1019 3934 1085 4000 plus
1103 3934 1272 3983 auctoritatis
1291 3961 1324 3970 -

203 4005 303 4070 dubito,
316 4021 353 4056 an
365 4007 425 4059 ium
437 4036 472 4044 -
484 4005 586 4071 tribuit,
598 4022 658 4057 cnm
670 4005 834 4073 Liupaidum
848 4007 939 4072 priam
952 4009 1047 4057 contra
1059 4003 1220 4069 Albiqmsas,
1233 4003 1326 4055 deinde

204 4078 233 4127 in
250 4077 419 4142 Hispaniam
436 4077 624 4144 expeditionem
643 4079 752 4129 movim
770 4077 925 4129 admitteret.
1010 4075 1037 4144 3)
1058 4075 1100 4138 Of.
1121 4076 1225 4125 litteras
1243 4074 1326 4126 Inno-

158 4163 186 4203 to
203 4149 282 4199 centii
311 4147 368 4201 ΙΙΙ.
398 4148 429 4200 dc
460 4163 532 4199 anno
563 4149 641 4204 1208.
673 4150 757 4213 1209,
788 4145 1028 4200 Etim-Fictor
1060 4161 1104 4201 nr.
1136 4147 1214 4201 6007.
1246 4147 1325 4201 6078.

202 4218 229 4287 4)
250 4218 293 4283 Cf.
313 4234 400 4286 supro
412 4218 449 4269 acl
463 4234 566 4270 annum
580 4221 649 4274 1210
667 4225 706 4285 (p.
719 4221 763 4284 81,
780 4218 797 4273 i.
812 4221 866 4279 11).
933 4216 960 4286 5)
974 4217 1098 4284 Rapistro
1109 4217 1259 4270 Innomntii
1269 4218 1325 4270 III.

202 4291 379 4355 epistolamem
398 4289 506 4341 illorum
524 4305 658 4342 annornm
675 4289 819 4357 deperdito,
834 4289 914 4340 nulia
931 4289 1029 4339 tatium
1045 4289 1199 4340 litterarum
1214 4290 1325 4353 oestiaia

202 4360 279 4411 noim
296 4366 404 4413 servata
415 4365 487 4416 sunt.
558 4360 585 4429 6)
597 4361 686 4413 Mense
698 4359 844 4428 Septanbii
854 4362 960 4411 ineunte
973 4359 1128 4412 Fridericns
1140 4360 1326 4413 Constantiam

203 4431 324 4497 intrarit,
342 4433 407 4484 dum
426 4431 487 4484 ono
504 4432 534 4484 in
552 4433 650 4499 oppido
669 4432 842 4497 Utderiinqen
860 4435 1042 4485 commoretur.
1116 4431 1144 4499 7)
1164 4430 1206 4494 Of.
1226 4430 1325 4484 Chren.

158 4513 185 4554 tt
208 4501 333 4568 Urspery.
351 4502 414 4571 (SS.
430 4502 543 4569 XXIII,
559 4521 587 4572 p.
601 4505 674 4565 377).

1076 4605 1110 4662 6*
