3284 5150
482 523 665 580 ANNALES
683 522 973 579 Mannaonnsna
1254 526 1289 580 75

166 708 287 793 populi
311 709 354 773 de
378 708 520 773 diversis
538 707 721 792 provinciis
744 706 850 771 illua⁸
870 708 944 791 ipsa
967 706 1023 771 die
1039 684 1435 796 oonfluxemt⁸,{}2¹3,„,‚

167 800 204 863 et
226 797 371 880 reliquie
395 818 514 863 eorum
544 797 589 861 ad
616 796 751 861 diversa
781 795 859 860 loca
888 796 1026 880 partite.
1080 795 1134 861 De
1163 795 1288 878 quibus

165 885 321 969 reliquiis
364 906 385 951 a
421 885 611 951 venerabili
648 885 752 949 Petro
793 883 921 949 abbate
958 884 1003 947 ad
1040 884 1288 949 monasterium

166 972 395 1059 Nirburgense
417 976 452 1039 in
477 994 603 1059 magna
626 974 823 1057 quantitate
844 976 1026 1058 apportate
1043 977 1078 1038 et
1094 974 1187 1058 apud
1206 966 1284 1038 eosb

132 1067 311 1129 aaotenus
334 1059 531 1129 recondite.l

277 1148 444 1237 sContigit
467 1173 507 1217 eo
530 1156 686 1236 tempore
708 1172 763 1217 res
794 1151 952 1216 miranda
982 1154 1018 1216 et
1047 1152 1174 1216 nostris
1205 1154 1434 1214 tem-amma.

166 1242 308 1326 poribus
331 1241 432 1307 valde
455 1241 614 1305 inaudita
637 1240 730 1325 apud
752 1240 890 1305 [tetiam
906 1242 1101 1325 Augustam
1125 1240 1287 1304 aooidit0.

166 1330 258 1394 Nam
282 1330 450 1414 quaedam
474 1329 616 1413 mulier,
627 1330 709 1393 dum
726 1329 979 1394 communicare
995 1329 1147 1407 deberet,
1163 1349 1287 1412 eorpus

167 1420 378 1484 dominicum
402 1419 439 1483 in
463 1439 521 1484 ore
543 1419 740 1495 reservavit,
772 1419 864 1502 quod
889 1422 1010 1503 postea
1039 1438 1118 1483 oera
1147 1417 1287 1482 oiroum-

120 1532 149 1570 ιο
168 1509 266 1573 dedit
289 1511 325 1573 et
348 1509 439 1593 apud
464 1528 500 1573 se
524 1508 615 1572 domi
637 1507 793 1586 retinuit,
817 1507 933 1572 neseio
956 1507 1040 1590 quid
1069 1506 1135 1571 tali
1162 1507 1287 1571 maehi-

167 1598 310 1663 natione
332 1600 556 1681 temptatura.
604 1596 730 1661 Postea
753 1596 948 1681 penitentia
974 1596 1081 1660 ducta
1110 1596 1155 1659 ad
1185 1616 1287 1679 quen·

168 1688 248 1751 dam
271 1686 501 1770 presbiterum
524 1684 724 1769 religiosum
747 1688 784 1749 et
806 1684 895 1749 bone
918 1686 1012 1750 fame
1035 1684 1179 1749 accessit
1203 1685 1288 1749 etei

45 1774 688 1860 *p.1vo.peessab11msuum*indicavit
735 1772 803 1853 Qui
833 1773 966 1837 nullam
997 1773 1029 1838 ei
1058 1772 1287 1857 penitentiam

167 1865 348 1948 iniungere
382 1863 503 1940 voluit,
539 1864 622 1947 quin
656 1864 751 1948 prius
786 1884 910 1948 eorpus
940 1862 1081 1927 Domini
1115 1862 1285 1939 redderet,

121 1976 148 2015 ιε
168 1954 259 2037 quod
284 1954 376 2037 apud
401 1973 436 2018 se
460 1952 550 2017 male
574 1953 668 2017 domi
691 1952 826 2017 habuit.
872 1952 971 2016 Abiit
993 1950 1056 2016 illa
1079 1955 1114 2017 et
1145 1951 1287 2015 domini-

168 2062 246 2106 cum
271 2063 403 2126 eorpus,
431 2044 472 2105 ut
503 2044 578 2106 erat
607 2042 644 2104 in
675 2062 762 2117 oera,
794 2040 985 2125 presbitero
1017 2040 1154 2106 detulit.
1208 2038 1285 2119 Qui,

167 2132 352 2215 assumptis
376 2152 491 2196 seeum
522 2130 642 2194 multis
671 2130 748 2194 aliis
779 2128 949 2208 fidelibus,
981 2130 1168 2195 honorifice
1198 2129 1288 2193 illud

167 2220 299 2304 recepit
321 2222 357 2285 et
381 2219 538 2304 aperiens
564 2238 677 2284 ceram
707 2219 842 2283 invenit
871 2239 994 2303 oorpus
1023 2217 1114 2282 illud
1145 2218 1287 2283 domini-

168 2330 244 2373 oum
269 2312 305 2373 et
328 2329 452 2393 panem
483 2308 664 2393 mysticum
694 2308 731 2372 in
755 2328 870 2373 veram
901 2307 1013 2372 earnis
1043 2307 1287 2391 sanguinisque

121 2421 148 2459 ao
167 2400 337 2462 mutatam
361 2417 433 2463 esse
457 2397 697 2462 substantiam.
737 2397 792 2461 Ad
816 2397 915 2461 ouius
937 2397 988 2461 rei
1011 2396 1201 2461 novitatem
1218 2416 1287 2460 non

167 2490 238 2551 tam
270 2488 312 2552 de
343 2486 543 2571 propinquis
573 2486 771 2571 regionibus
802 2506 905 2569 quam
941 2490 977 2550 et
1011 2486 1055 2550 de
1089 2485 1287 2569 longinquis

167 2577 324 2660 partibus
347 2581 439 2643 terre
462 2576 652 2642 multitudo
677 2576 825 2640 maxima
848 2575 1002 2653 confluit,
1034 2578 1070 2641 et
1096 2575 1209 2640 multa
1237 2576 1287 2640 ibi

167 2666 336 2731 Dominus
360 2666 526 2730 miracula
548 2667 586 2729 in
608 2666 746 2731 laudern
770 2666 919 2730 nominis
942 2667 997 2730 sui
1019 2660 1202 2749 oporatur.1

273 2755 355 2839 Ipso
393 2775 484 2819 anno
524 2754 704 2819 cunradus
742 2754 970 2838 Moguntinus
1009 2754 1375 2839 arehiepiscopuslltt.

122 2864 148 2904 aa
167 2844 246 2924 post
268 2842 397 2906 multos
420 2842 556 2908 labores
583 2846 680 2907 trans
708 2863 801 2908 mare
831 2865 908 2908 oum
937 2842 1058 2907 multis
1087 2844 1165 2908 aliis
1195 2864 1287 2928 pere·

167 2930 274 3012 grinis
305 2950 462 2995 reversus
472 2930 493 3008 1,
530 2931 685 3013 quamvis
716 2935 859 3015 propter
890 2935 1037 2997 mortem
1068 2932 1286 3015 imperatoris

167 3018 276 3083 nichil
298 3018 349 3082 ibi
372 3019 569 3102 profecerit,
594 3021 712 3084 tamen
740 3040 856 3084 amore
883 3020 1147 3086 restaurationis
1174 3021 1286 3084 saneti

167 3106 317 3192 sepulcri
340 3106 481 3172 Domini
506 3107 631 3172 ductus
655 3128 772 3172 rursus
796 3129 933 3173 oruoem
956 3109 1101 3191 aceepit.

272 3191 332 3260 lu‘l
358 3203 469 3260 eodem
499 3219 584 3260 anno
606 3207 681 3260 ante
703 3203 906 3260 nativitatem
928 3203 1058 3260 Domini
1083 3203 1286 3262 combustum
1296 3189 1455 3283 REM·

122 3296 215 3350 voest
237 3293 466 3350 monasterium
488 3292 712 3351 Hohenbureh.

272 3377 375 3440 Anno
402 3375 544 3440 Domini
570 3374 677 3439 Meo.
724 3373 809 3441 Otto
844 3375 980 3440 oomes²
1012 3375 1049 3438 in
1084 3374 1175 3439 bona
1209 3351 1408 3469 oon-{ffiw

165 3464 314 3530 fossione
334 3468 370 3530 et
388 3464 494 3548 longa
513 3465 709 3550 egritudine
725 3465 818 3548 apud
835 3464 1043 3548 Bysuntium
1059 3465 1286 3548 defungitur⁸

166 3556 202 3616 et
231 3554 275 3618 ab
305 3554 429 3619 incolis
458 3554 553 3619 illius
585 3554 758 3638 provincie
782 3553 969 3638 plurimum
994 3558 1136 3639 propter
1158 3554 1285 3620 bonam

166 3642 401 3708 defensionem
425 3643 634 3728 deploratur.

122 3752 147 3793 a
272 3731 402 3796 Eodem
428 3753 518 3797 anno
543 3731 754 3796 Bertholdus
778 3752 891 3797 comes
914 3733 957 3798 de
980 3732 1224 3799 Nirvvenburoh
1247 3733 1284 3797 in

165 3818 353 3902 Brisgavvia
373 3840 508 3885 oruoem
528 3841 605 3885 oum
622 3820 718 3885 filio4
733 3821 877 3905 aceepit,
894 3824 990 3885 trans
1005 3841 1100 3886 mare
1115 3824 1284 3906 perpetuo

165 3955 187 4007 a)
201 3955 254 3995 illue
268 3956 407 3995 confluxerat
420 3957 444 3995 lm
458 3958 505 3996 loeo
519 3967 584 4006 raso,·
597 3957 648 4007 lpse
661 3955 698 3998 dle
712 3959 785 3997 eudem
799 3970 865 3998 manu
878 3969 983 4008 rupermr.
1053 3959 1075 4008 b)
1093 3968 1106 3997 a
1121 3959 1145 3997 ln
1158 3959 1205 3997 loro
1219 3969 1284 4008 ναι),-

165 4014 228 4048 anteo
242 4021 283 4049 nos
296 4011 400 4058 seriptum
413 4010 481 4057 sumre
494 4011 564 4049 addua
577 4021 605 4050 aa·
618 4011 702 4050 litterae
711 4023 726 4051 n
735 4013 834 4061 reliquiis
842 4016 912 4061 pata.
963 4013 984 4060 ο)
992 4013 1016 4050 im
1025 4012 1122 4060 masmim
1130 4022 1197 4050 mama
1207 4022 1284 4051 aorem

164 4073 220 4102 saec.
235 4063 312 4103 XIII:
328 4063 387 4102 Nota
401 4061 429 4102 de
443 4074 538 4113 corpore
551 4067 574 4103 et
591 4065 699 4112 sanguine
712 4066 810 4105 Domini.
843 4065 910 4104 IIanc
927 4075 1010 4115 quoque
1026 4066 1174 4104 mmmmm
1192 4066 1284 4106 larario

121 4115 148 4154 40
165 4117 311 4166 Neoturyenei
325 4117 483 4156 attribuendam
497 4127 541 4156 aare
555 4128 635 4159 censeo.
697 4116 721 4169 d)
735 4119 768 4166 Gt.
784 4120 810 4158 αα
823 4119 865 4158 hoc
878 4119 1023 4166 additamento
1036 4118 1216 4169 Holrenbummsi
1228 4131 1283 4160 oom-

164 4171 292 4208 mamertum
305 4180 382 4211 mrum.

164 4276 191 4345 1)
210 4277 300 4329 Menae
311 4276 385 4328 Iulio
404 4293 430 4332 a.
444 4277 521 4332 1199.
541 4278 571 4328 im
585 4277 714 4345 Apuliam
731 4279 830 4341 redita·
848 4279 883 4344 cf.
900 4278 1142 4332 Mamer-Fictor
1159 4296 1203 4334 mn
1216 4281 1283 4345 40⁸3

164 4349 194 4399 im
205 4347 382 4400 Germaniam
399 4347 502 4400 domm
521 4363 594 4400 ammo
612 4355 720 4402 aarum
737 4365 861 4403 reversus
875 4356 921 4405 aar.
987 4351 1016 4420 2)
1036 4351 1127 4403 &mea
1140 4352 1284 4417 palatinus

164 4419 348 4486 Buryumds‘ae,
357 4419 480 4487 Philippi
490 4422 562 4486 mair
573 4419 673 4486 from,
683 4420 718 4485 of.
727 4437 815 4487 supro
823 4437 854 4488 p.
864 4423 979 4478 68-70.
1035 4420 1064 4491 3)
1074 4422 1125 4474 no
1135 4424 1176 4480 13.
1186 4423 1284 4474 mma

122 4503 147 4543 aa
164 4488 295 4541 Ianrmrr'i
306 4506 332 4544 a.
346 4493 424 4556 1200,
436 4505 490 4544 mm
505 4505 531 4546 o.
546 4492 624 4557 1201,
640 4495 671 4543 at
685 4491 885 4561 Wimkelmomm,
902 4492 1035 4560 ‘Philipp'
1045 4509 1075 4560 p.
1090 4496 1151 4550 517.
1167 4493 1284 4554 mit,-

164 4562 197 4624 οἵ.
216 4559 458 4614 Bolum-Fiam
475 4577 519 4617 mr.
538 4564 582 4618 39.
653 4562 854 4630 lrammmo.
