3284 5150
363 512 397 564 10
676 506 859 563 ANNALES
876 505 1169 564 MARBAOENSES.

235 696 286 746 aaa.
296 697 353 738 Kar.
363 685 533 754 precinctus,
560 684 727 738 laboriosum
755 701 824 739 onus
854 685 1028 754 sustinuerit,
1056 685 1116 752 qui
1146 684 1215 738 scire
1243 683 1379 738 desiderat
1387 683 1405 752 ¹,
1437 683 1497 738 in²

364 756 529 826 cathalogoa
561 755 683 809 virorum
720 756 834 810 fortium
865 761 893 812 et
929 758 958 810 in
989 755 1105 810 cronicis
1141 755 1264 809 eiusdem
1300 755 1493 824 inveniet;

363 831 481 881 tamen
499 844 613 896 pauca
631 827 909 898 bellorumeius
927 827 1045 898 insignia
1063 831 1285 880 annotemus.

228 911 351 951 assuas
416 942 418 945 .
470 897 600 954 Omnium
627 915 698 967 quae
725 900 809 969 gessit
835 900 974 953 bellorum
1003 899 1093 967 primo
1121 897 1328 966 Aquitanicam,
1358 913 1376 950 a
1404 901 1493 966 patre

363 968 428 1037 Pip
435 969 521 1038 pino
549 970 717 1038 inchoatum,
744 970 792 1023 sed
809 970 933 1024 nondum
959 968 1077 1037 finitum,
1109 969 1173 1037 quia
1199 969 1255 1023 cito
1281 968 1378 1039 peragi
1403 985 1493 1036 posse
1515 984 1534 1022 s

362 1039 515 1111 videbatur,
534 1039 619 1096 fratre
637 1040 727 1094 adhuc
738 1041 801 1095 vivo
821 1045 849 1096 et
861 1041 994 1094 auxilium
1012 1039 1086 1094 ferre
1097 1044 1196 1110 rogato
1213 1039 1340 1108 suscepit.
1370 1038 1408 1093 Et
1419 1039 1494 1093 licet

363 1128 426 1165 eum
444 1111 530 1166 frater
547 1112 680 1182 promisso
699 1112 856 1166 frustrasset
874 1112 985 1179 anxilio,
1003 1115 1159 1180 susceptam
1171 1110 1379 1180 expedicionem
1397 1114 1493 1164 smen-

362 1182 491 1237 nuissime
510 1188 639 1237 executus
658 1187 719 1239 est.
757 1183 829 1237 Nam
855 1183 1027 1252 Humidum,
1055 1183 1101 1250 qui
1127 1186 1191 1251 post
1214 1182 1338 1236 Waifarii
1364 1186 1491 1235 mortem

363 1254 542 1323 Aquitaniam
561 1272 696 1323 occupare
715 1256 875 1323 bellumque
898 1255 954 1307 iam
971 1270 1042 1322 pene
1060 1258 1203 1323 peractum
1220 1270 1348 1323 reparare
1365 1257 1490 1322 tempta-

362 1330 447 1392 verat,
475 1325 656 1394 Aquitaniam
682 1327 859 1399 relinquqre⁸
884 1330 913 1380 et
933 1325 1109 1379 Wasconiam
1133 1330 1228 1394 petere
1255 1325 1354 1394 coegit.
1394 1324 1490 1394 Quem
1513 1340 1548 1378 ιο

363 1401 456 1450 tamen
474 1397 514 1450 ibi
532 1397 679 1452 consistere
697 1414 753 1451 non
780 1398 924 1465 sustinens,
952 1396 1111 1450 transmisso
1139 1413 1220 1451 smne
1238 1395 1377 1466 Garonna,
1403 1395 1488 1464 Lupo

363 1467 530 1522 wasconum
550 1468 613 1522 duci
630 1485 681 1537 per
698 1468 803 1538 legatos
829 1467 950 1536 mandat,
977 1472 1009 1521 ut
1035 1466 1183 1537 perfugam
1210 1468 1350 1536 lapsum
1376 1466 1488 1535 reddat,

364 1556 405 1592 an
433 1539 572 1593 bellica
598 1557 701 1593 manu
726 1556 790 1594 eum
809 1539 993 1593 aditurum
1012 1555 1042 1592 se
1060 1540 1160 1596 sciat.
1196 1537 1252 1592 Sed
1270 1537 1366 1608 Lupus
1383 1537 1490 1592 saniori

363 1627 427 1664 usus
445 1610 558 1664 consilio
577 1627 633 1664 non
651 1611 740 1664 solum
758 1609 922 1664 Hunoldum
939 1609 1069 1678 reddidit,
1096 1610 1145 1664 sed
1163 1610 1247 1664 etiam
1265 1626 1294 1664 se
1312 1609 1403 1680 ipsum
1421 1625 1489 1663 cum

362 1681 505 1750 provincia
523 1681 567 1735 cni
585 1685 696 1750 preerat
714 1681 771 1735 eius
788 1681 920 1750 potestati
938 1681 1092 1737 submnit.
1511 1695 1543 1734 rs
1620 1726 1621 1731 ,

266 1767 294 1806 ιι.
308 1767 352 1810 sc.
470 1751 635 1820 Compositis
653 1752 682 1806 in
694 1752 846 1822 Aquitanis
863 1753 946 1806 rebus
958 1769 1046 1821 eoque
1059 1752 1133 1806 bello
1150 1751 1229 1806 finito
1246 1751 1394 1822 regnique
1411 1752 1487 1805 socio

363 1823 418 1876 iam
436 1824 519 1877 rebus
537 1824 663 1877 humanis
684 1828 821 1893 exempto,
842 1823 970 1893 precibus
987 1823 1105 1876 Adriani
1125 1841 1210 1892 papa
1231 1826 1360 1876 exoratus
1380 1821 1487 1877 bellum

364 1897 459 1948 contra
469 1893 667 1964 Langobardos
676 1896 802 1964 suscepit.
823 1894 903 1964 Quod
912 1895 988 1964 prius
997 1894 1109 1964 quidem
1117 1899 1259 1964 etapatre
1268 1894 1335 1962 eius,
1344 1892 1486 1963 Stephano

363 1981 436 2034 papa
453 1965 631 2034 supplicante,
646 1983 709 2020 cum
728 1983 830 2036 magns
845 1965 1009 2020 difficultate
1023 1970 1181 2034 susceptum
1193 1969 1249 2034 est;
1267 1965 1332 2033 quia
1345 1964 1487 2033 quideme

363 2036 529 2106 primoribus
538 2035 717 2104 Francorum,
727 2055 789 2091 cum
799 2038 897 2106 quibus
910 2038 1065 2092 consultare
1077 2037 1191 2106 solebat,
1204 2037 1273 2090 adeo
1282 2036 1418 2090 voluntati
1427 2036 1485 2089 eius
1507 2051 1540 2090 so

363 2107 447 2162 renisi
464 2111 535 2177 sunt,
548 2112 579 2161 ut
592 2125 620 2162 se
632 2126 727 2178 regem
740 2109 895 2163 deserturos
907 2108 1077 2176 domumque
1093 2107 1231 2163 redituros
1242 2107 1330 2161 libera
1341 2124 1410 2162 voce
1421 2123 1484 2176 pro·

365 2179 522 2234 clamarent.
549 2178 713 2249 Susceptnm
725 2184 818 2234 tamen
831 2184 873 2234 est
883 2183 951 2234 tunc
963 2183 1060 2234 contra
1069 2179 1239 2233 Haistulfum
1251 2195 1348 2249 regem
1359 2183 1388 2232 et
1400 2178 1484 2232 celer·

363 2251 434 2304 rime
452 2251 628 2320 completum.
665 2250 721 2306 Sed
748 2251 814 2306 licet
841 2252 894 2305 sibi
921 2255 949 2305 et
974 2251 1048 2320 patri
1072 2251 1138 2304 belli
1155 2249 1320 2319 suscipiendi
1338 2250 1434 2303 similis
1452 2266 1485 2302 ao

364 2322 459 2391 pocius
487 2323 583 2377 eadem
611 2339 693 2377 causa
719 2322 836 2376 fuisse
862 2323 1010 2390 videretur,
1038 2322 1106 2375 haut
1132 2322 1215 2376 simili
1232 2326 1327 2375 tamen
1344 2325 1374 2375 et
1391 2321 1485 2374 labore

365 2396 501 2447 certatum
519 2397 547 2446 et
565 2393 620 2448 fine
638 2397 746 2447 constat
764 2411 823 2448 esse
841 2394 1018 2462 completum.
1056 2393 1190 2462 Pippinus
1207 2391 1344 2461 siquidem
1361 2391 1484 2445 Haistul·
1505 2408 1535 2447 rc

364 2463 424 2517 fum
442 2480 594 2532 paucorum
612 2463 765 2534 [dierumb]
780 2465 923 2518 obsidione
940 2465 1075 2534 compulit
1086 2463 1219 2518 Romanis
1237 2463 1301 2517 sub
1314 2467 1484 2517 sacramento

366 2534 490 2589 ablata
513 2535 672 2605 restituere;
697 2534 817 2590 Karolus
835 2552 900 2590 vero
917 2539 981 2605 post
999 2533 1199 2606 [inchoatumb]
1218 2552 1234 2590 a
1252 2552 1281 2590 se
1302 2534 1405 2589 bellum
1429 2551 1485 2588 non

364 2606 440 2676 prius
458 2605 571 2675 destitit,
597 2624 681 2675 quam
699 2612 727 2662 et
746 2606 922 2661 Desiderium
940 2625 1044 2677 regern,
1062 2624 1144 2676 quem
1162 2609 1246 2676 longa
1263 2606 1405 2661 obsidione
1422 2605 1484 2660 fati·

365 2681 488 2748 gaverat,
515 2678 544 2731 in
571 2677 742 2732 dedicionem
770 2679 929 2747 susciperet,
955 2678 1043 2732 filium
1071 2679 1129 2733 eius
1147 2678 1321 2748 Adalgisum,
1347 2678 1377 2731 in
1403 2694 1484 2745 quem

365 2766 425 2817 spes
438 2748 561 2802 omnium
572 2749 702 2803 inclinate
710 2750 884 2818 videbantur,
892 2767 949 2803 non
958 2749 1075 2820 [solumb
1086 2750 1190 2820 regnet,
1200 2749 1248 2803 sed
1257 2750 1341 2803 etiam
1346 2747 1430 2803 Italia
1439 2765 1484 2802 ex·
1503 2765 1533 2805 ao

366 2819 463 2873 cedere
473 2820 658 2889 compelleret,
668 2822 760 2875 omnia
768 2820 901 2875 Romanis
913 2826 1059 2891 acceptae
1070 2822 1236 2889 restitueret,
1244 2817 1483 2891 Rluodgausnmb]

364 2889 438 2944 Foro
456 2890 528 2945 Iulii
546 2890 660 2945 ducatus
677 2891 832 2961 prefectum
848 2893 1016 2961 opprimeret
1033 2896 1177 2960 totamque
1189 2891 1300 2945 Italiam
1318 2908 1367 2945 sue
1385 2890 1484 2945 dicioni

268 2975 298 3023 η.
309 2977 355 3016 rao.
365 2961 539 3033 ‘subiugaret
555 2964 721 3031 subactaque
739 2963 828 3017 filiurn
846 2962 995 3033 Pippinum
1012 2981 1107 3034 regem
1126 2964 1288 3033 imponeret.

271 3048 299 3090 u.
310 3049 354 3087 aa.
471 3032 538 3087 Post
556 3033 632 3088 cuius
650 3034 734 3089 finem
747 3034 922 3103 Saxonicum,
942 3036 1016 3103 quod
1033 3036 1111 3105 quasi
1125 3035 1312 3089 intermissum
1330 3033 1481 3100 videbatur,

364 3106 513 3174 repetitum
526 3110 574 3161 est,
595 3105 657 3176 Quo
666 3107 774 3161 nullum
786 3123 877 3175 neque
888 3107 1021 3175 prolixius
1032 3123 1122 3175 neque
1134 3106 1252 3160 atrocius
1260 3104 1482 3173 Francorumque
1498 3114 1527 3155 aa

364 3177 467 3245 populo
486 3178 648 3231 laboriosius
666 3182 825 3246 susceptum
844 3182 892 3233 est.
930 3176 1009 3231 Cum
1030 3194 1132 3247 magna
1152 3177 1291 3245 utrimque
1312 3176 1482 3229 animositate

364 3252 521 3316 susceptum
533 3252 575 3302 est
586 3249 698 3313 bellum,
707 3252 802 3302 tamen
813 3248 917 3302 maiore
929 3247 1069 3302 Saxonum
1082 3265 1164 3317 quam
1174 3248 1343 3301 Francorum
1355 3246 1481 3315 dampno,

366 3322 397 3371 et
408 3335 459 3387 per
470 3318 613 3373 continuos
622 3314 755 3373 XXXIII
765 3335 850 3372 annos
859 3319 1014 3389 gerebatur.
1043 3318 1157 3373 Poterat
1165 3318 1299 3389 siquidem
1308 3318 1393 3373 cicius
1402 3316 1481 3384 finiri,

364 3389 387 3441 si
399 3388 539 3443 Saxonum
558 3389 611 3443 hoc
629 3389 744 3459 perfidis
761 3393 911 3459 pateretur.
942 3388 1062 3444 Difficile
1080 3390 1274 3445 dicendum
1293 3394 1342 3457 est,
1354 3388 1481 3458 quociens

364 3460 485 3529 superati
517 3477 549 3514 ac
576 3462 711 3529 supplices
739 3461 799 3530 regi
826 3478 855 3515 se
882 3460 1061 3528 dediderunt,
1099 3461 1203 3531 legatos
1231 3461 1278 3529 qui
1304 3460 1482 3514 mittebantur
1497 3471 1526 3510 ao

365 3535 550 3601 susceperunt,
569 3532 735 3600 aliquociens
753 3531 792 3586 ita
810 3532 908 3586 domiti
927 3537 956 3587 et
974 3532 1098 3601 emolliti,
1117 3537 1148 3586 ut
1166 3533 1251 3587 etiam
1269 3532 1374 3586 cultum
1390 3530 1480 3585 demo·

364 3620 431 3656 num
454 3602 593 3657 dimittere
617 3606 646 3657 et
664 3602 817 3657 Christiane
842 3604 970 3674 religioni
995 3622 1023 3658 se
1047 3603 1166 3659 subdere
1189 3603 1392 3673 promitterent.
1429 3600 1481 3655 Sed

364 3674 434 3727 sicut
461 3674 495 3727 ad
520 3672 572 3729 hec
596 3674 722 3728 facienda
740 3674 908 3743 aliquociens
933 3676 1023 3747 proni,
1051 3676 1091 3730 sic
1118 3674 1154 3729 ad
1180 3675 1277 3729 eadem
1303 3672 1481 3744 pervertenda

364 3762 472 3814 semper
497 3745 574 3799 fuere
598 3745 754 3815 precipites.
799 3746 872 3800 Nam
896 3746 1068 3815 numquam(¹
1093 3762 1139 3801 eos
1165 3745 1269 3815 aliquid
1294 3748 1480 3815 perpetrantes

364 3817 477 3885 impune
503 3816 576 3871 ferre
603 3820 697 3886 passus
724 3820 774 3885 est,
802 3818 869 3886 quin
893 3822 940 3871 aut
965 3818 1024 3887 ipse
1041 3835 1092 3887 per
1109 3835 1138 3871 se
1157 3822 1205 3871 sut
1221 3834 1272 3887 per
1289 3816 1404 3872 comites
1422 3832 1480 3869 suos
1496 3829 1523 3868 ss

364 3888 446 3941 misso
465 3888 590 3944 exercitu
607 3887 751 3957 perfidiam
769 3889 947 3943 ulcisceretur
966 3894 994 3943 et
1012 3889 1125 3958 dignam
1144 3890 1179 3943 ab
1191 3888 1230 3941 eis
1241 3905 1342 3957 penam
1354 3888 1479 3957 exigeret,

364 3975 450 4026 usque
468 3958 543 4027 dum,
562 3960 688 4014 omnibus
707 3960 754 4029 qui
771 3961 898 4015 resistere
916 3960 1041 4014 solebant
1058 3959 1210 4030 profligatis
1222 3964 1251 4014 et
1267 3959 1297 4012 in
1314 3976 1392 4013 suam
1407 3961 1479 4027 pote·

365 4032 463 4083 statem
480 4029 606 4099 redactis,
625 4030 721 4085 decem
738 4031 816 4085 milia
833 4030 977 4085 hominnm
996 4049 1031 4085 ex
1048 4032 1090 4085 his
1109 4032 1157 4099 qni
1173 4034 1303 4100 utrasque
1320 4030 1394 4099 ripas
1405 4029 1480 4083 albis

364 4099 504 4155 fluminise
526 4101 685 4156 incolebant
711 4119 774 4156 cum
801 4104 933 4157 uxoribus
961 4106 989 4157 et
1015 4103 1137 4172 parvulis
1160 4103 1282 4157 sublatos
1299 4100 1439 4155 transtulit
1455 4104 1480 4153 et

365 4246 392 4309 a).
401 4245 432 4283 tta
445 4256 464 4283 c.
519 4245 542 4337 bg
556 4256 615 4309 omes
628 4249 647 4285 et
661 4246 745 4285 littam
758 4258 815 4304 apsa
828 4251 849 4285 et
862 4247 937 4285 soona
949 4246 1029 4285 musas
1042 4256 1070 4285 ea
1083 4246 1198 4309 Es'pturdo
1210 4245 1315 4295 most.
1368 4246 1389 4294 c)
1406 4249 1480 4293 erepta
1496 4248 1520 4288 ω

364 4298 472 4338 Einhard.
544 4301 550 4348 )
565 4310 701 4348 unumquam
711 4310 755 4347 pro
769 4309 798 4337 ua
812 4310 934 4348 numquam
948 4311 966 4341 c.
1020 4300 1041 4351 e)
1055 4300 1185 4339 fluminibus
1198 4310 1216 4339 c.

365 4420 392 4487 1)
409 4421 479 4547 spire
498 4421 581 4478 desid.
600 4425 634 4489 cf.
653 4424 805 4490 &pendam
821 4423 845 4490 I,
863 4440 884 4479 c.
899 4426 940 4477 16.
973 4456 976 4460 ·
1013 4423 1041 4493 2)
1060 4422 1089 4476 in
1109 4454 1141 4462 -
1160 4421 1282 4475 eiusdem
1300 4423 1335 4487 of.
1349 4422 1480 4488 Lepontios

359 4509 415 4560 pro
440 4510 513 4560 pum.
