3284 5150
312 471 348 525 82
628 464 809 521 ANNALas
829 464 1118 520 Mnaanoansas

167 673 302 713 raanan
420 650 498 714 Ibi·
535 651 620 713 tuno
658 650 770 732 primo
808 648 902 732 cepit
935 647 1056 713 haberi
1091 668 1174 711 usus
1211 648 1438 713 instrumenti

313 738 432 803 bellici
455 739 546 821 quod
570 736 675 821 vulgo
698 736 814 801 tribolr
838 736 1008 821 appellari
1030 735 1119 801 solet
1129 735 1151 797 ¹.

226 834 304 889 1212.
419 820 689 910 Ipsobtempore
701 826 797 891 facta
809 829 862 889 est
873 825 1058 908 nugatoria
1069 826 1239 907 quaedam
1249 826 1434 910 expeditio,

313 915 429 1000 pueris
449 916 485 981 et
503 915 620 980 stultis
636 914 835 979 hominibus
851 914 925 978 sine
941 913 1057 996 aliqua
1074 914 1282 979 discretione
1297 916 1436 999 signum

314 1006 425 1070 crucis
453 1004 698 1089 arripientibus
733 1002 943 1067 curiositatis
974 1022 1078 1067 causa
1106 1002 1222 1087 potius
1253 1024 1356 1087 quam
1386 1024 1470 1068 sac

314 1093 398 1158 lutis
408 1094 429 1156 ².
469 1092 664 1177 Pergebant
680 1095 796 1157 autem
817 1092 860 1156 de
875 1094 1023 1174 utroque
1039 1112 1123 1155 sexu
1138 1093 1237 1174 pueri
1257 1096 1293 1156 et
1308 1092 1435 1176 puelle,

313 1204 385 1247 non
407 1181 518 1247 solum
542 1182 701 1257 minores,
726 1181 786 1245 sed
810 1181 916 1245 etiarn
932 1179 1054 1257 adulti,
1079 1183 1188 1264 nupte
1204 1201 1283 1245 cum
1298 1181 1436 1265 virgini·

314 1271 389 1349 bus,
414 1274 537 1336 euntes
559 1290 669 1334 vacua
692 1288 866 1345 crumena,
897 1289 967 1333 non
997 1268 1109 1332 solum
1139 1290 1201 1352 per
1223 1272 1336 1333 totam
1359 1270 1437 1335 Ale·

313 1359 499 1435 manniam,
524 1359 584 1423 sed
607 1358 713 1422 etiam
736 1379 797 1442 per
820 1361 936 1442 partes
960 1356 1153 1421 Galliarum
1169 1361 1206 1422 et
1222 1358 1436 1441 Burgundie.

313 1448 387 1513 Nec
411 1448 553 1512 retineri
576 1450 737 1531 poterant
758 1445 834 1510 ullo
853 1446 955 1510 modo
978 1466 999 1509 a
1022 1446 1223 1529 parentibus
1247 1450 1283 1509 et
1306 1447 1435 1525 amicis,
1458 1470 1488 1507 ιο

314 1538 398 1621 quin
420 1537 505 1602 totis
529 1536 710 1601 conatibus
740 1536 808 1599 iter
830 1534 921 1598 illud
945 1534 1145 1619 arriperent,
1173 1536 1372 1599 intantum
1395 1539 1437 1600 ut

314 1626 441 1710 passim
465 1645 526 1709 per
549 1624 649 1688 villas
673 1629 708 1688 et
733 1644 844 1707 agros,
873 1622 1005 1687 relictis
1028 1623 1268 1688 instrumentis
1299 1624 1370 1688 suis
1400 1628 1437 1689 et

314 1716 381 1779 hiis
404 1734 492 1798 quae
516 1717 600 1778 tunc
630 1734 691 1798 pre
714 1711 874 1775 manibus
897 1711 1083 1789 habebant,
1107 1712 1369 1776 transeuntibus
1399 1734 1437 1778 se

315 1804 496 1869 sociarent.
543 1802 589 1865 Et
613 1804 703 1866 sicut
726 1801 770 1864 ad
793 1800 883 1865 tales
913 1801 1085 1865 novitates
1108 1821 1189 1885 sepe
1212 1802 1314 1867 etde
1338 1803 1437 1866 facili

315 1891 456 1957 credula
478 1890 582 1954 turba
605 1910 733 1967 sumus,
766 1890 869 1952 multi
898 1890 1037 1972 quidem
1068 1888 1229 1953 arbitrati
1259 1895 1342 1953 sunt
1372 1891 1437 1955 hec
1458 1912 1485 1952 ιι

314 2001 385 2044 ιιοιι
408 1980 451 2044 de
474 1979 617 2044 levitate
641 1980 776 2054 mentia,
813 1978 874 2042 sed
904 1998 965 2061 per
995 1978 1146 2041 divinam
1173 1978 1436 2061 inspirationem

315 2069 389 2134 fieri
413 2072 449 2133 et
472 2090 513 2133 ex
536 2068 685 2151 quadam
709 2068 856 2149 pietate;
882 2066 974 2131 unde
998 2070 1033 2131 et
1057 2066 1308 2132 subveniebant
1330 2068 1437 2133 eisin

315 2158 481 2242 expensis,
521 2156 652 2221 victum
691 2159 727 2219 et
760 2156 954 2220 necessaria
987 2154 1234 2220 ministrantes.
1293 2156 1437 2221 Clericis

316 2250 432 2311 autem
456 2250 491 2311 et
515 2246 592 2309 aliis
616 2245 822 2328 quibusdam
846 2244 971 2327 quibus
994 2246 1069 2307 erat
1091 2264 1188 2308 mens
1215 2246 1330 2310 sanior
1359 2267 1437 2310 con-

314 2335 568 2400 tradicentibus
592 2337 627 2397 et
650 2335 718 2399 iter
739 2332 830 2396 illud
846 2353 973 2396 vanum
990 2335 1025 2396 et
1043 2332 1169 2397 inutile
1188 2334 1434 2411 iudicantibus,
1456 2357 1484 2395 a

314 2424 538 2488 vehementer
561 2422 642 2485 laici
664 2421 881 2497 resistebant,
916 2421 1070 2486 dicentes
1105 2420 1247 2486 clericos
1282 2443 1355 2488 esse
1387 2424 1437 2487 in·

316 2512 474 2578 credulos
507 2511 666 2595 ipsosque
702 2514 843 2595 propter
877 2509 1044 2574 invidiam
1079 2513 1115 2575 et
1147 2511 1331 2576 avariciam
1355 2512 1437 2578 huic

315 2601 410 2664 iacto
445 2621 481 2664 se
520 2619 692 2682 opponere
728 2599 836 2681 magis
871 2619 974 2681 quam
1009 2602 1150 2683 propter
1183 2601 1366 2666 veritatem
1401 2605 1437 2667 et

315 2689 499 2752 iusticiam.
567 2687 634 2750 Sed
673 2687 835 2769 quoniam
873 2707 974 2752 omne
1013 2689 1191 2771 negotium
1233 2691 1324 2773 quod
1362 2691 1436 2756 sine

316 2776 499 2841 libramine
522 2775 667 2839 rationis
683 2779 719 2840 et
734 2776 807 2840 sine
823 2776 941 2860 vigore
960 2777 1096 2840 consilii
1111 2777 1219 2842 fuerit
1234 2778 1435 2844 inchoatum
1456 2800 1483 2840 aa

316 2886 387 2929 non
410 2865 539 2930 bonum
562 2864 706 2928 sortitur
730 2865 877 2928 exitum:
907 2868 1090 2947 postquam
1113 2867 1178 2931 hec
1201 2867 1330 2932 stolida
1352 2867 1437 2931 mul·

316 2955 433 3019 titudo
457 2952 613 3039 pervenit
634 2953 678 3017 ad
701 2957 816 3038 partes
832 2953 960 3032 Ytalie,
985 2953 1103 3018 diffusi
1127 2959 1209 3018 sunt
1232 2959 1268 3020 et
1292 2956 1437 3042 dispersi

317 3064 379 3129 per
402 3043 558 3109 civitates
582 3046 617 3107 et
640 3043 777 3126 oppida,
801 3063 947 3125 quorum
967 3041 1070 3106 multi
1090 3042 1133 3107 ab
1152 3045 1325 3127 indigenis
1345 3051 1436 3111 terre

318 3133 453 3198 detenti
476 3135 557 3196 sunt
580 3133 617 3194 in
640 3151 755 3196 servos
778 3134 814 3194 et
838 3130 993 3195 ancillas.
1031 3130 1104 3194 Alii
1123 3132 1287 3196 dicuntur
1305 3136 1437 3200 venisse

317 3223 361 3286 ad
385 3241 496 3297 mare;
521 3221 581 3303 qui
604 3220 738 3284 seducti
761 3239 782 3282 a
804 3221 921 3282 nautis
949 3223 985 3283 et
1015 3221 1208 3285 marinariis
1237 3224 1437 3288 transvecti·
1457 3243 1483 3282 ιο

317 3329 384 3392 que
407 3309 451 3373 ad
476 3309 561 3372 alias
584 3310 700 3391 partes
719 3311 889 3371 terrarum
910 3310 1069 3373 remotas.
1108 3309 1247 3393 Reliqui
1266 3331 1347 3375 vero
1366 3333 1437 3395 per·

317 3395 494 3462 venientes
527 3397 686 3472 Romam,
723 3415 801 3459 cum
835 3395 1006 3472 viderent,
1043 3398 1134 3480 quod
1171 3420 1242 3463 non
1276 3403 1438 3482 poterant

317 3486 445 3549 habere
469 3504 665 3568 processum
689 3486 812 3566 utpote
836 3485 935 3546 nulla
951 3485 1036 3548 fulti
1052 3488 1271 3565 auctoritate,
1295 3490 1438 3554 tandem

317 3573 471 3638 laborem
495 3593 596 3636 auum
619 3576 855 3653 cognoverunt
886 3593 958 3637 esse
981 3574 1144 3638 frivolum
1170 3582 1206 3641 et
1228 3576 1377 3656 inanem,
1403 3581 1438 3643 et

316 3665 434 3726 tamen
468 3681 488 3724 a
522 3663 603 3725 voto
638 3662 748 3725 crucis
784 3661 925 3726 minime
959 3662 1102 3727 fuerunt
1137 3664 1289 3729 absoluti
1323 3670 1438 3751 preter
1456 3686 1483 3726 aa

317 3771 441 3835 pueros
464 3750 557 3814 inira
584 3769 691 3813 annos
723 3750 940 3815 discretionis
970 3752 1156 3831 existentes
1191 3757 1227 3817 et
1262 3775 1319 3819 eos
1354 3777 1438 3838 quos

317 3840 451 3905 senium
476 3838 701 3922 deprimebat.
749 3838 805 3902 Sic
829 3858 912 3920 ergo
936 3840 1072 3923 decepti
1103 3845 1139 3906 et
1167 3843 1303 3907 confusi
1325 3845 1438 3909 redire

317 3996 339 4044 a)
354 3995 430 4033 exhinc
444 4005 508 4044 usquc
521 3994 550 4032 cd
564 3994 627 4041 finem
641 3993 753 4032 relationis
766 3992 831 4031 huius
844 3994 897 4031 anni
909 3993 942 4042 (p.
958 3995 991 4043 84,
1011 3995 1025 4035 l.
1041 3995 1078 4041 19)
1095 3998 1168 4035 omnia
1182 3998 1211 4036 od
1225 3998 1338 4037 cronicam
1352 4000 1438 4038 Heben-

318 4048 440 4095 burucneem
455 4059 469 4084 a
483 4047 574 4084 librario
585 4046 731 4094 Neoburoenes'
745 4046 822 4084 adalta
835 4050 899 4093 sunu
913 4047 942 4095 cf.
958 4050 1140 4094 commentarium,
1190 4052 1212 4099 b)
1227 4052 1250 4088 in
1264 4052 1363 4100 marpissa
1373 4064 1439 4091 manu

319 4110 463 4139 cccccccccc.
478 4099 555 4138 XIII:
569 4100 604 4138 De
618 4100 757 4148 proiectione
770 4109 899 4148 puerorum.
1455 4112 1482 4153 40

319 4212 345 4283 1)
372 4211 414 4278 Cf.
433 4227 520 4279 supra
541 4230 569 4280 p.
589 4215 632 4279 54,
654 4230 681 4269 a.
700 4216 725 4268 2.
744 4215 781 4266 ad
806 4231 832 4269 a.
851 4216 929 4270 1183.
1020 4217 1048 4282 2)
1076 4217 1117 4268 Dc
1142 4218 1194 4270 bac
1215 4221 1380 4284 expeditione
1404 4223 1438 4286 cf.

302 4284 448 4343 ,Bennett
466 4286 497 4336 in
515 4284 692 4338 ‘Hectoreae
709 4283 880 4351 Zeitscbrist'
899 4286 1038 4352 XXXVI,
1057 4304 1086 4355 p.
1107 4290 1190 4357 laqq.
1222 4290 1324 4347 Cicron.
1341 4291 1439 4344 Ebora-

318 4356 448 4409 hcinwnec
459 4371 480 4410 c.
494 4354 729 4422 36(SS.XX111,
741 4373 771 4422 p.
781 4359 848 4417 450)
859 4356 1000 4409 Nicolaum
1013 4360 1162 4424 pumlm
1174 4377 1192 4412 a
1203 4377 1277 4427 paco
1291 4363 1441 4416 Coloniensi

317 4429 458 4480 venientem
476 4426 608 4478 ditatorem
621 4443 771 4493 puerorum
789 4429 918 4493 άιιιίριιαι.
