3284 5150
509 538 691 594 ANNALES
708 537 999 597 MARBAOENSES.
1279 541 1315 598 65

194 723 323 788 auditis
346 723 422 787 sitis
451 723 489 787 in
517 722 602 788 locis
626 722 722 806 Syrie
753 723 814 806 qui
840 724 1008 787 vocantur
1030 722 1086 786 Ad
1116 721 1314 806 plumbeam
1326 727 1406 786 1194.

194 812 329 877 turrim.
387 810 489 889 Quod
524 813 559 876 et
588 811 722 876 factum
753 815 816 877 est.
870 811 1005 876 Deinde
1035 831 1232 895 processum
1262 815 1316 877 est

194 900 238 966 ab
273 901 426 966 exercitu
461 919 523 984 per
556 899 790 964 Lonbardiam
825 903 861 964 et
892 899 1069 976 Tusciam,
1108 899 1315 984 imperatore

192 990 360 1056 tendente
389 1009 508 1054 versus
537 989 684 1053 Iannam
715 992 750 1054 et
779 988 894 1052 Pisam
926 1009 1005 1053 cum
1034 989 1154 1074 paneis
1188 989 1233 1052 ati
1266 989 1316 1052 in·

162 1078 399 1143 astaurandas
422 1077 538 1162 galeas
562 1098 640 1143 cum
663 1077 863 1143 hominibus
879 1079 916 1142 et
933 1076 1103 1141 militibus
1119 1076 1239 1142 multis
1254 1097 1317 1162 per

194 1187 300 1232 mare.
357 1166 487 1231 Eodem
523 1187 614 1231 anno
648 1167 836 1250 imperator
867 1165 1049 1230 Salernum
1083 1166 1118 1229 vi
1152 1166 1245 1250 oepit
1279 1170 1448 1238 etamsi).

194 1254 391 1321 Palermum
422 1255 536 1320 sedem
567 1256 665 1340 regni
696 1254 823 1340 Sycilie
854 1253 1027 1319 dominica
1055 1275 1124 1338 qua
1154 1257 1317 1320 cantatur

193 1341 287 1408 Dicit
308 1341 470 1408 nonina
491 1363 547 1424 epo
569 1341 690 1424 capitol
713 1364 792 1408 cum
815 1363 942 1427 magna
964 1343 1076 1426 gloria
1104 1344 1250 1408 intravit
1279 1347 1424 1409 etnam.

193 1432 322 1497 ibidem
345 1432 381 1495 in
405 1433 591 1498 nativitate
607 1432 750 1497 Domini
773 1432 903 1496 curiam
926 1432 963 1496 in
986 1431 1140 1498 eiusdem
1163 1433 1315 1498 civitatis

150 1545 176 1584 ιο
193 1521 325 1606 palatio
348 1541 427 1586 eum
450 1522 600 1585 maxima
622 1520 740 1586 leticia
763 1519 962 1586 celebravit.

300 1612 402 1674 Anno
425 1609 567 1674 Domini
589 1609 762 1674 MOXOV.
803 1609 1006 1694 Imperator,
1029 1613 1107 1674 tota
1127 1609 1257 1694 Apulia
1279 1613 1403 1675 etlltt

194 1697 322 1783 Sycilia
350 1719 414 1764 nec
444 1719 514 1763 non
538 1697 701 1763 Calabria
730 1719 809 1763 cum
839 1719 973 1762 summa
1002 1699 1253 1783 prosperitate*
1279 1701 1315 1764 et

194 1789 268 1851 eine
301 1787 418 1871 aliquo
453 1787 648 1891 dampno
637 1809 676 1852 m
709 1808 807 1852 suam
840 1787 1116 1852 iurisdictionem
1148 1781 1311 1852 redactab

195 1895 273 1940 cum
311 1895 437 1959 magna
473 1860 671 1959 quantitate
708 1877 785 1940 auri
820 1878 856 1941 et
889 1876 1043 1960 argenti,
1082 1896 1161 1941 cum
1194 1875 1315 1942 multis

149 1987 176 2026 15
194 1964 317 2048 pannis
347 1964 510 2048 preciosis
543 1965 586 2029 de
620 1965 745 2042 serico,
780 1968 884 2048 capta
916 1985 1022 2030 uxore
1051 1964 1245 2029 Tancradi²
1278 1968 1315 2030 et

195 2053 355 2137 episcopo
379 2051 619 2118 Salernitana8
650 2058 685 2118 et
709 2053 743 2117 X
773 2053 850 2117 aliis
881 2052 1035 2118 eiusdem
1062 2056 1154 2118 terre
1185 2053 1316 2118 comiti·

194 2140 281 2205 bus4
303 2143 340 2206 et
363 2140 550 2205 maioribus
573 2175 618 2184 —
640 2142 732 2206 inter
754 2161 841 2223 quos
856 2146 931 2206 erat
946 2141 1088 2224 quidam
1103 2144 1227 2226 pyrata
1242 2161 1316 2225 pre·

194 2230 316 2312 oipuus
340 2230 455 2294 dictus
478 2229 669 2314 Margarita
678 2228 700 2308 ⁵,
727 2229 788 2313 qui
811 2230 918 2295 etiam
941 2229 1076 2294 diviciis
1099 2232 1135 2294 et
1157 2230 1317 2314 potentia

194 2318 337 2383 comites
361 2317 518 2383 anteibat
541 2351 594 2395 -,
619 2319 679 2402 qui
701 2338 820 2383 omnes
850 2319 888 2382 in
917 2320 1012 2383 terra
1033 2318 1225 2383 Teutonica
1253 2338 1316 2402 per

148 2429 175 2469 ao
194 2406 329 2472 diversa
358 2406 436 2471 loca
464 2407 570 2491 positi
600 2410 682 2471 sunt
711 2407 749 2471 in
779 2406 952 2471 artissima
981 2406 1140 2471 custodia
1148 2406 1170 2484 ⁶,
1203 2406 1315 2471 filium

194 2516 329 2580 qnoque
363 2494 512 2581 predicti
540 2495 734 2560 Tancradi⁷
764 2516 843 2560 oum
877 2495 990 2560 tribus
1019 2494 1193 2560 sororibus
1222 2494 1316 2560 suis8

194 2586 369 2668 captivum
394 2584 549 2649 adduxit.

301 2674 429 2739 Eodem
455 2694 546 2738 anno
569 2674 606 2737 in
633 2694 818 2758 parasceue
850 2674 944 2758 apud
967 2674 1098 2739 Varum
1126 2674 1438 2759 1mperatorraraes1.

195 2782 330 2827 crucem
361 2766 503 2839 secreto,
537 2762 650 2827 tribus
680 2766 818 2827 tantum
848 2783 889 2828 ex
923 2762 1112 2847 capellanis
1143 2763 1214 2827 suis
1243 2783 1316 2848 pre·

149 2851 360 2928 assantibus,
385 2850 428 2916 ab
453 2851 613 2935 episcopo
630 2847 787 2917 Sutrensi
810 2852 955 2935 accepit
995 2851 1073 2915 litt
1063 2873 1101 2915 m
1117 2852 1173 2915 die
1189 2852 1431 2935 peschesana

194 2901 452 3113 {ttitittt
465 2939 1138 3112 ittztiittttttttt?,stitit
1156 2941 1317 3092 itai

194 3117 327 3182 seilicet
350 3116 616 3182 Placentinum⁹
640 3120 675 3181 ct
698 3116 892 3180 Iohannem
915 3114 1253 3193 Salernitanum0·1⁰,
1277 3116 1317 3179 in

194 3205 435 3271 Alemanniam
480 3206 646 3288 dirigeret
684 3205 872 3289 predicare.
934 3203 1034 3282 Quod
1072 3207 1108 3269 et
1145 3204 1315 3269 iecerunt.

150 3316 178 3357 sc
194 3295 285 3359 Nam
323 3295 447 3360 Petrus
485 3294 521 3357 in
560 3292 762 3371 Germania,
805 3293 980 3358 Iohannes
1017 3294 1055 3356 in
1093 3292 1243 3357 Saxonis
1280 3296 1316 3357 et

195 3469 217 3518 a)
232 3479 250 3517 p
266 3470 288 3506 tn
302 3468 347 3507 loco
362 3478 419 3507 reso.
470 3468 493 3519 b)
503 3467 595 3507 redacte
605 3472 639 3507 est
649 3473 713 3515 ete.,·
727 3472 762 3507 est
776 3472 799 3507 et
812 3467 900 3506 librarii
913 3476 987 3506 errore
999 3466 1076 3506 addita
1089 3475 1133 3505 eece
1144 3466 1249 3506 Wirncne
1263 3470 1317 3505 reete

195 3522 308 3561 intellexit.
363 3522 383 3573 c)
398 3521 567 3562 sasernitauum
581 3532 599 3561 e.

197 3660 223 3731 1)
243 3661 325 3713 Hune
342 3664 439 3715 missae
457 3664 598 3716 introitum
615 3664 646 3715 in
664 3663 761 3715 diocesi
777 3662 971 3727 air-pemmoni
985 3662 1084 3712 ultima
1102 3662 1237 3714 dominica
1255 3667 1317 3713 ante

193 3735 315 3800 primum
334 3734 473 3784 ademtam
498 3735 658 3787 dominium
682 3735 793 3786 caritati
808 3732 940 3785 Boeirmer·
956 3732 1066 3797 (Fortes
1083 3732 1138 3796 III,
1159 3748 1190 3798 p.
1208 3733 1258 3798 88)
1283 3748 1316 3784 ea

152 3812 178 3853 et
196 3803 303 3855 missali
317 3804 509 3868 Arpcnticenai
525 3805 709 3871 (Hapenceioe
728 3805 811 3869 1520)
830 3805 986 3869 reecpnovit.
1058 3804 1085 3869 2)
1105 3802 1202 3854 Sibiiic
1219 3804 1316 3868 rapina

196 3889 256 3925 cum
278 3873 444 3940 primatibus
473 3877 552 3941 requi
576 3876 685 3928 Siciliae
709 3881 772 3941 post
797 3876 1005 3926 coniurationem
1034 3879 1129 3925 eontra
1155 3872 1316 3925 Heinricum

195 3948 297 4011 saetam
324 3948 404 4010 capta
433 3951 488 4007 θεὴ·
517 3947 551 4010 es.
582 3945 731 4011 Ottersdorf,
758 3946 817 3997 ‘Die
844 3945 997 4011 Rapiemny
1026 3945 1074 3996 der
1103 3944 1193 3995 beiden
1223 3943 1316 3995 leteten

195 4015 479 4081 Normonnenkinipe’
494 4033 524 4083 p.
543 4017 645 4083 etseq.
733 4014 761 4083 3)
786 4015 900 4068 Nicolac
925 4015 1129 4082 archiepiscopo.
1216 4015 1244 4078 4)
1271 4013 1314 4077 Cf.

195 4088 306 4139 nomina
323 4087 489 4152 captivatam
508 4088 582 4154 apud
604 4086 708 4151 Toecite,
728 4086 870 4138 ‘Heinrich
888 4086 943 4140 VI!
958 4103 987 4153 p.
1007 4088 1067 4141 574.
1158 4084 1186 4154 5)
1214 4085 1317 4140 Classis

150 4168 177 4208 so
195 4158 300 4211 Siculae
319 4159 481 4224 praesedeo.
572 4160 598 4225 6)
625 4158 667 4222 Of.
691 4157 787 4210 Tceche
809 4160 827 4211 t.
846 4171 867 4211 e.
888 4174 918 4223 p.
937 4158 999 4212 345.
1090 4155 1117 4225 t)
1138 4155 1316 4223 Wilheimnm,

195 4231 244 4296 qui
260 4230 380 4297 captivus
393 4231 492 4294 paucis
504 4234 569 4295 poet
587 4231 669 4280 armis
686 4232 809 4281 mortum
831 4234 876 4283 est.
965 4226 993 4297 8)
1020 4227 1086 4280 Cum
1105 4226 1205 4282 sibilla
1229 4243 1316 4280 uxore

195 4300 267 4365 filiae
288 4300 421 4352 Taneredi
444 4301 475 4352 ia
499 4301 689 4352 monasterium
713 4300 836 4351 Aisatiae
859 4300 1002 4363 insertoris
1026 4298 1192 4365 Hohenturp
1216 4299 1316 4350 datam

195 4372 323 4424 Menace
340 4377 404 4423 sunt
413 4387 426 4434 ,·
443 4370 479 4435 ef.
500 4369 602 4424 Ottoais
622 4370 750 4423 Chronici
767 4370 997 4423 Gontiaumtomm
1015 4369 1225 4422 Sanitasionam
1243 4384 1263 4422 c.
1279 4370 1315 4427 41

195 4442 257 4508 (SS.
275 4442 342 4509 XX,
363 4460 393 4510 p.
412 4443 486 4503 326).
577 4443 604 4508 9)
634 4440 807 4493 Cardinalem
827 4442 1014 4509 presbyterum
1038 4442 1114 4492 tituli
1136 4438 1316 4499 acaecitate,

150 4521 178 4564 45
197 4514 241 4582 10)
263 4513 434 4566 Cardinaiem
449 4514 633 4582 presbyterum
652 4512 764 4565 titulis.
782 4511 915 4579 Stephani
930 4515 960 4564 in
977 4517 1063 4564 morie
1082 4511 1178 4564 Caelio.

248 4619 309 4664 Ana.
324 4620 488 4661 Mubacenses.
1084 4618 1102 4673 5
