3284 5150
533 524 716 580 ANNALES
734 525 1024 584 MARBAOENSES.
1303 534 1338 587 87

219 708 442 791 Argentina¹.
512 708 677 774 Produoti
722 730 802 773 vero
848 731 927 774 curn
966 716 1135 793 negarent
1180 711 1338 790 heresim,
1350 720 1427 773 1211.

219 798 347 862 iudicio
377 798 462 863 ferri
492 798 673 863 candentis
703 800 748 863 ad
777 799 989 882 legittimum
1020 800 1206 864 terminum
1235 821 1339 865 reser-

218 890 358 965 vantur;
393 908 537 969 quorum
567 908 731 951 numerus
759 888 831 951 fuit
860 887 993 951 LXXX
1023 888 1079 953 vel
1113 889 1262 973 amplius
1297 890 1339 955 de

219 980 367 1059 utroque
405 996 497 1039 sexu.
560 975 606 1039 nt
644 976 746 1059 pauci
785 976 924 1059 quidem
962 996 1005 1041 ex
1043 976 1091 1041 eis
1136 978 1339 1043 innocentes

187 1068 464 1149 supposuerunt,
490 1063 615 1147 reliqui
638 1085 755 1129 omnes
780 1085 895 1129 coram
923 1065 1068 1150 ecclesia
1098 1067 1248 1131 convicti
1277 1088 1339 1151 per

220 1154 436 1217 adustionem
454 1174 617 1217 manuum
634 1154 812 1238 dampnati
829 1157 911 1218 sunt
927 1158 963 1219 et
977 1155 1138 1219 incendio
1151 1156 1338 1238 perierunt.

325 1243 427 1306 Anno
466 1241 657 1307 Mocxvl.
727 1243 957 1307 Innocentius
1003 1264 1094 1327 papa
1131 1244 1234 1322 obiit;
1282 1216 1458 1334 ouiffi'p

219 1330 394 1395 Honorius
418 1332 592 1395 successit.

326 1419 407 1503 Ipso
442 1440 533 1483 anno
564 1419 693 1484 Falcho
724 1421 856 1504 primus
888 1420 995 1485 abbas
1025 1421 1259 1486 Marbacensis
1290 1422 1339 1485 in·

173 1533 200 1572 ro
219 1509 362 1573 stitutus
386 1512 438 1573 est
450 1510 473 1570 2.

325 1597 456 1661 Eodem
480 1618 614 1680 quoque
638 1600 792 1682 tempore
817 1596 902 1663 Otto
925 1600 1113 1682 imperator
1135 1599 1224 1663 obiit
1232 1598 1255 1660 ³.
1349 1606 1427 1660 1218.

325 1688 427 1750 Anno
450 1685 664 1751 MOOXVII.
704 1687 812 1751 Facta
836 1690 888 1752 est
911 1688 1085 1771 expeditio
1109 1689 1339 1752 transmarina
1348 1696 1427 1748 1217.

219 1796 239 1840 a
269 1776 356 1840 duce
386 1777 527 1839 Austris
558 1778 594 1840 et
624 1796 704 1859 rege
730 1776 892 1859 Ungarie.
947 1776 1011 1841 Oui
1041 1777 1147 1841 etiam
1177 1777 1339 1842 interfuit

219 1864 354 1947 legatus
376 1865 531 1929 Romane
562 1865 675 1929 sedis4
705 1868 740 1929 et
764 1863 1061 1947 Babenbergensis
1092 1866 1271 1949 episcopus
1302 1868 1338 1930 et

174 1976 199 2014 1⁵
218 1953 328 2017 frater
351 1954 424 2017 eius
448 1954 518 2017 dux
541 1954 704 2031 Meranie,
727 1953 849 2037 Boppo
873 1974 986 2018 comes
1010 1955 1052 2019 de
1069 1954 1336 2033 Hennenberch‚

218 2039 422 2105 Lirdeuicus
446 2062 558 2106 comes
582 2044 624 2106 de
641 2040 793 2125 Otingen
817 2042 945 2125 aliique
964 2044 1137 2128 principes
1153 2046 1189 2107 et
1204 2043 1338 2107 nobiles

220 2129 323 2193 multi
347 2131 388 2194 de
413 2131 554 2195 diversis
578 2130 735 2214 partibus
763 2135 945 2195 terrarum.
999 2129 1067 2209 Qui
1097 2132 1216 2195 statim
1246 2152 1337 2197 acce·

221 2218 343 2283 dentes
381 2219 425 2282 ad
459 2222 611 2283 montem
646 2219 784 2284 Thabor
823 2221 1050 2285 munitionem
1089 2221 1263 2303 quandam
1301 2221 1338 2283 in

219 2307 338 2371 eodem
356 2312 472 2372 monte
489 2330 509 2371 a
522 2307 717 2373 sarracenis
733 2309 930 2374 edificatam
945 2309 1091 2373 viriliter
1107 2309 1337 2393 expugnando
1347 2331 1422 2380 (na.)

173 2420 200 2459 so
219 2400 385 2479 oeperunt
396 2396 416 2458 ⁵.
475 2397 518 2459 In
553 2398 649 2462 brevi
683 2401 799 2463 autem
835 2401 956 2482 postea
992 2398 1120 2462 reversi
1158 2400 1240 2461 sunt
1277 2418 1337 2461 rex

219 2485 403 2569 Ungario⁶,
429 2487 498 2549 dux
521 2486 675 2551 Meranie
699 2491 735 2552 et
758 2487 819 2551 alii
843 2488 983 2570 quidam
1006 2487 1150 2551 nobiles.

325 2576 427 2640 Anno
472 2575 707 2640 MOOXVIII.
780 2577 862 2641 Dux
907 2578 1047 2642 Austrie
1093 2597 1172 2641 cum
1221 2576 1336 2660 legato
1347 2582 1425 2635 1218.

219 2664 371 2729 Romane
395 2666 489 2729 curie
514 2669 549 2730 et
572 2665 776 2748 Templariis
800 2669 836 2731 et
855 2666 1101 2750 Hospitalariis
1125 2669 1161 2731 et
1184 2666 1337 2730 exercitu

220 2753 356 2835 copioso
391 2755 482 2818 circa
516 2753 649 2837 palmas
661 2754 680 2826 ⁷,
715 2755 752 2818 id
787 2758 841 2819 est
876 2758 957 2818 ante
992 2755 1137 2839 pascha,
1173 2755 1217 2819 ad
1252 2754 1337 2818 fines
1348 2787 1366 2814 e.
1377 2775 1432 2824 mr.
1442 2776 1462 2817 s.

174 2863 200 2903 rs
219 2841 348 2925 Egypti
376 2844 579 2907 accedentes
609 2843 786 2907 civitatem
816 2844 1114 2926 opulentissimam
1138 2843 1337 2906 Damiatam

219 2930 397 3012 aliquanto
420 2935 574 3014 tempore
598 2931 817 2995 obsederunt.
857 2933 902 2994 Et
924 2936 1066 3006 turrem,
1083 2951 1171 3014 quae
1194 2931 1262 2994 sita
1285 2934 1337 2995 est
1347 2953 1430 3001 (nasu.

219 3040 321 3103 super
344 3019 472 3084 flumen
494 3020 577 3104 Nyli
601 3023 636 3084 et
660 3020 788 3084 dicitur
811 3019 1074 3097 clavis-terres
1098 3019 1199 3083 valde
1230 3019 1338 3082 muni-

217 3227 244 3296 1)
263 3229 308 3281 Ad
325 3230 396 3280 isam
416 3229 610 3280 haereticmmm
628 3230 835 3294 persecutionem
852 3234 979 3294 sprctam,
997 3241 1066 3293 qaae
1087 3227 1161 3292 opud
1179 3225 1338 3278 Caesarium

216 3300 458 3352 Hcisicrbuaemsem
471 3302 501 3350 im
515 3299 632 3365 Dioioqo
644 3300 841 3351 miraouimmm
853 3299 909 3364 III,
922 3315 943 3352 c.
954 3300 988 3352 17
1000 3298 1052 3362 (cd.
1066 3296 1181 3363 &rampe
1193 3296 1217 3363 I,
1229 3314 1258 3364 p.
1273 3299 1338 3358 133)

172 3383 198 3423 oo
217 3370 359 3423 Comedus
380 3373 508 3437 moqieter
528 3371 572 3435 (de
590 3369 761 3436 Morburqi)
779 3374 897 3421 moi-rat:
921 3367 1023 3420 Decem
1048 3367 1162 3420 heretici
1187 3367 1216 3420 in
1241 3367 1338 3421 eadem

217 3441 336 3509 civitate,
355 3441 458 3494 scilicet
477 3439 640 3509 Argentina,
659 3457 712 3508 que
731 3444 759 3492 et
777 3439 935 3509 strazburg,
954 3437 1146 3506 comprehensi
1169 3443 1240 3494 sunt,
1283 3438 1339 3508 Qui

217 3529 280 3566 curn
298 3516 439 3582 negarent,
458 3527 509 3580 per
526 3511 658 3564 iudicium
677 3511 817 3564 candentis
837 3511 903 3564 ferri
925 3509 1045 3564 convicti
1062 3511 1197 3563 sententia
1218 3509 1338 3564 incendii

217 3587 281 3635 sunt
305 3582 427 3636 damnati
452 3590 497 3638 etc.
522 3613 558 3622 -
584 3583 657 3646 Quae
683 3585 756 3650 opmi
780 3583 901 3636 Schmidt
924 3585 955 3634 im
973 3582 1142 3646 ‘Zeitcchrift
1165 3584 1215 3647 far
1232 3582 1337 3636 Hmior.

222 3654 371 3720 Umoioqia'
385 3656 416 3706 X
432 3657 536 3718 (1840),
553 3657 579 3721 3,
596 3672 624 3720 p.
638 3656 674 3708 34
685 3670 740 3720 epp.
759 3660 782 3706 ei
802 3655 876 3721 opud
894 3653 961 3718 Lea,
980 3653 1103 3718 ‘Hmmy
1120 3654 1153 3717 of
1162 3652 1337 3720 Iaqmmition'

172 3737 199 3778 oo
217 3725 259 3790 II,
280 3741 308 3791 p.
327 3728 379 3780 316
392 3742 447 3792 sqq.
466 3727 497 3776 oie
515 3727 569 3776 ista
587 3725 692 3776 haeresi
709 3727 867 3791 tradamur,
888 3729 979 3777 omnia
997 3740 1030 3776 ea
1047 3728 1198 3776 commmatio
1214 3725 1339 3776 Danielis

217 3797 353 3864 Spcckiimi
365 3801 546 3863 provenerunt
562 3801 585 3846 et
597 3799 704 3848 ommino
714 3798 849 3848 reicienda
860 3803 931 3850 sum.
998 3795 1026 3864 2)
1038 3797 1079 3848 De
1091 3798 1216 3847 omnimo
1227 3795 1338 3860 Rmiolfi

216 3869 305 3918 ultimi
333 3867 520 3919 Marbacmsis
546 3870 697 3934 praepositi
729 3873 753 3918 et
782 3869 814 3918 de
844 3867 973 3920 Falconis
1005 3869 1170 3918 institutiom
1204 3867 1239 3928 of.
1269 3879 1338 3931 quae

216 3938 331 4005 Rumpe,
350 3939 515 4002 ‘Zeiiachrift
533 3940 582 4003 fiir
598 3939 641 3989 die
662 3937 811 3990 Gmchichte
830 3939 876 3990 cias
890 3937 1059 4002 Obemmeim,
1078 3937 1152 3987 Nem
1167 3935 1259 4000 Folpe'
1273 3935 1337 4000 XX,

170 4092 198 4131 ιο
211 4026 244 4148 ²3²5
263 4012 363 4136 titi:
383 4009 941 4136 istit-‘iiiii‘tittttii
974 4008 1339 4146 witigiso-itt

216 4152 531 4288 ttttitfitifit
546 4150 1338 4289 imittiittttffiiiit‘immittit

363 4260 371 4286 ,
1078 4263 1084 4275 .

215 4294 350 4346 Ianuario
363 4309 389 4349 a.
403 4296 480 4348 1218.
494 4309 553 4344 cmm
565 4294 679 4359 Hupom
691 4307 751 4359 repe
766 4293 851 4358 Cypri
863 4298 886 4344 et
898 4293 962 4344 aliis
979 4291 1109 4343 mobilibus
1125 4290 1259 4357 Tmpoiim
1271 4306 1339 4357 pro-

216 4364 300 4427 fectus
318 4370 364 4419 esi.
434 4366 460 4430 7)
479 4365 537 4416 Hoc
555 4365 655 4429 falsum
670 4370 715 4418 esi.
744 4365 779 4415 Im
791 4366 833 4415 die
847 4365 1007 4416 uicensima
1018 4364 1137 4429 Domini,
1149 4364 1192 4414 die
1203 4365 1246 4417 24.
1259 4362 1338 4428 Maii,

170 4447 198 4488 ss
217 4451 297 4488 naves
314 4452 390 4488 armoe
409 4438 577 4501 sionoiorum
597 4436 630 4487 ab
649 4436 737 4487 Amom
755 4437 913 4487 Damiotum
933 4434 1070 4501 profectae
1087 4439 1158 4488 sumt.
1242 4434 1271 4499 8)
1296 4431 1337 4496 Of.

217 4504 370 4558 Historiam
388 4508 584 4572 capedoiomim
602 4508 632 4558 m
653 4505 767 4558 Tamum
785 4505 913 4558 Samiam
931 4522 951 4560 c.
972 4508 988 4560 6
1007 4505 1135 4570 (Orom'ou
1153 4508 1230 4569 νομέα
1249 4503 1337 4557 Goion.
