3284 5150
558 519 738 582 ANNALES
756 520 1046 577 MARBAonNsns
1326 526 1360 579 99

244 707 281 770 in
304 727 366 771 suo
390 707 551 771 districtu
574 706 712 770 iniustis
736 708 771 769 et
794 704 897 768 variis
921 704 1157 769 exactionibus
1172 705 1360 789 plurimum
1370 708 1480 781 (12372)

243 797 400 861 vexasset
424 800 459 861 et
473 796 646 861 infinitam
662 794 844 879 pecuniam
860 794 903 857 ab
920 794 969 857 eis
984 797 1228 859 conservasset.
1259 794 1360 858 Unde

243 888 315 949 tam
339 885 411 969 ipse
435 886 622 969 imperator
645 904 747 966 quam
771 882 863 946 filius
885 881 968 947 renl
997 882 1072 966 ipso
1102 887 1256 968 tempore
1285 883 1359 948 iere

244 975 288 1037 ad
311 973 397 1037 XVI
420 974 517 1037 milia
539 994 731 1037 marcarum
755 972 798 1035 ab
823 991 863 1036 eo
887 974 1139 1035 extorserunt&

211 1087 225 1127 s
350 1062 432 1145 Ipso
456 1084 546 1127 anno
569 1063 664 1126 faeta
688 1065 740 1125 est
763 1060 1004 1124 habundantia
1026 1062 1098 1124 vini
1121 1061 1279 1137 maxima,
1309 1062 1360 1125 ita
1371 1068 1448 1123 1236.

243 1152 334 1233 quod
365 1172 424 1216 vas
454 1173 562 1215 unum
585 1151 647 1215 XL
678 1150 816 1233 capiens
847 1169 940 1213 amas
968 1171 1114 1213 vacuum
1147 1150 1361 1215 vendebatur

243 1262 304 1324 pro
328 1241 397 1303 XX
419 1241 537 1305 unceis
561 1244 596 1304 et
619 1239 776 1323 quartale
799 1239 871 1302 vini
894 1260 956 1322 pro
980 1239 1131 1303 denario.

352 1330 451 1394 Auno
474 1328 756 1393 MCOXXXVII.
810 1328 1005 1411 Imperator
1034 1328 1210 1412 profectus
1241 1330 1293 1392 est
1322 1328 1359 1391 in
1370 1336 1447 1389 1237.

241 1419 428 1482 Austriam.
477 1418 542 1483 sui
565 1416 806 1482 ministeriales
837 1417 934 1480 ducis
964 1418 1007 1481 de
1037 1417 1191 1481 marchia
1214 1416 1359 1481 Stirensi

197 1532 224 1571 ιο
242 1528 278 1571 se
308 1508 528 1573 tradiderunt
538 1508 558 1571 ².
606 1508 693 1571 Inde
716 1506 811 1571 venit
839 1506 883 1569 ad
907 1506 1083 1571 civitatem
1109 1506 1240 1583 Wiena
1271 1526 1440 1590 quaeant.)

242 1596 401 1661 similiter
423 1598 530 1681 ipsius
555 1596 705 1661 dominio
729 1616 764 1660 se
788 1595 945 1659 subiecit.

348 1686 418 1749 Ubi
441 1687 545 1751 etiam
563 1685 784 1750 Ohtmradum
809 1683 920 1747 filiurn
944 1705 1043 1747 suum
1067 1684 1110 1747 de
1131 1703 1236 1747 uxore
1251 1686 1359 1747 trans·

241 1775 396 1838 marina3
419 1777 575 1858 genitum
600 1774 682 1857 eligi
704 1774 790 1837 feeit
813 1774 850 1835 in
869 1772 1016 1856 regem4.
1053 1771 1163 1851 Quem
1180 1773 1359 1855 elegerunt
1368 1797 1451 1846 (rar.)

242 1864 491 1948 archiepiscopi
506 1861 755 1945 Moguntinus⁵
771 1865 806 1926 et
821 1861 1057 1928 Treverensis6
1073 1866 1109 1926 et
1123 1882 1183 1926 rex
1198 1860 1359 1926 Boemie⁷

197 1974 223 2014 a
243 1956 277 2017 et
298 1953 368 2016 dux
384 1953 547 2029 Bawarie,
573 1953 631 2035 qui
656 1955 691 2017 et
714 1952 889 2035 palatinus
912 1972 1025 2015 eomes
1047 1952 1162 2015 Rheni
1171 1951 1193 2027 ⁸,
1221 1971 1358 2015 eonsen-

242 2041 411 2105 tientibus
434 2041 557 2106 ceteris
580 2041 802 2125 principibus,
827 2041 886 2123 qui
909 2041 1063 2113 aderant,
1088 2042 1205 2104 tamen
1228 2040 1357 2123 paucis.

242 2129 432 2193 atratino
455 2130 505 2193 ibi
528 2130 677 2213 presidio
707 2129 858 2192 militum
886 2130 993 2193 rediit
1022 2129 1066 2192 ad
1096 2132 1211 2212 partes
1233 2129 1357 2191 Rheni.

242 2217 377 2282 Deinde
400 2219 533 2282 remisit
557 2218 795 2283 Eberhardum
818 2218 862 2281 de
885 2218 1067 2282 Eberstein
1091 2238 1169 2281 oum
1193 2216 1248 2281 00
1273 2217 1358 2280 mili·

242 2306 335 2371 tibus
374 2308 418 2371 ad
457 2307 717 2372 custodiendam
757 2307 932 2371 civitatem
968 2306 1122 2370 Wiene9.
1184 2306 1231 2369 Et
1268 2306 1358 2370 eirea

196 2418 223 2456 eo
241 2399 471 2479 autumpnum
494 2416 648 2461 reversus
673 2396 785 2460 estin
808 2394 1098 2459 Lombardiam10.
1368 2409 1445 2458 (sat-r

349 2484 448 2549 Circa
477 2485 606 2548 festum
637 2485 731 2550 beati
754 2485 913 2549 Andreae
943 2485 1131 2567 imperator
1159 2484 1490 2549 conflictumcnaro.

240 2575 364 2638 habuit
399 2595 478 2638 oum
512 2574 846 2651 Mediolanensibus,
882 2575 925 2638 de
960 2575 1083 2657 quibus
1117 2575 1356 2658 triumphavit,

240 2663 397 2746 plurimis
427 2665 470 2728 de
501 2666 599 2746 parte
628 2664 767 2727 illorum
803 2664 1002 2747 captivatis,
1038 2665 1130 2727 inter
1164 2684 1248 2746 quos
1283 2667 1357 2728 erat

240 2753 331 2815 filius
363 2753 459 2817 ducis
483 2752 649 2817 Venetiae
659 2752 694 2826 Π,
729 2752 849 2816 multis
872 2753 977 2817 etiam
1005 2772 1047 2816 ex
1077 2755 1175 2836 parte
1199 2773 1261 2815 sua
1284 2773 1357 2835 pro·

196 2862 222 2901 a>
240 2842 358 2904 stratis
368 2840 404 2902 1².
462 2842 545 2905 Post
577 2842 756 2906 victoriam
791 2841 937 2905 tradidit
971 2862 1007 2907 se
1037 2841 1158 2904 Lauda
1188 2842 1310 2905 civitas
1320 2840 1355 2918 1³,

241 2950 341 3011 quam
367 2931 514 2994 munivit
537 2931 621 2994 forti
644 2931 793 3012 presidio
816 2930 978 3007 militum,
1003 2931 1093 2993 siout
1116 2929 1281 3014 oportuit.

346 3019 392 3083 Et
414 3022 508 3093 nota,
534 3020 624 3102 quod
649 3022 729 3082 ante
754 3024 984 3102 autumpnum
1006 3019 1114 3102 ipsius
1138 3019 1220 3081 anni
1235 3019 1356 3082 vende·

242 3106 342 3170 batur
365 3108 522 3191 quartale
545 3109 618 3171 viui
640 3128 701 3190 pro
717 3107 803 3169 XVI
820 3108 980 3184 denariis,
1005 3108 1103 3170 ouius
1122 3110 1223 3170 tanta
1241 3107 1356 3170 fuerat

240 3197 478 3261 habundantia
501 3198 537 3260 in
561 3217 651 3260 anno
675 3196 790 3280 priori.

194 3374 220 3414 30
239 3369 260 3420 a)
279 3374 346 3408 totam
366 3371 421 3409 hana
443 3371 590 3409 narrationem
610 3371 636 3408 de
655 3371 778 3418 captivitate
796 3369 907 3415 Wuzsettnt
931 3370 1014 3407 raudai
1032 3348 1193 3408 Continuationi
1211 3369 1358 3417 Neoburpenei

238 3427 302 3462 antea
315 3425 409 3471 defuisse
422 3428 441 3462 et
453 3429 530 3472 posim
544 3425 628 3462 demum
642 3435 656 3462 a
669 3424 761 3462 librario
772 3423 919 3470 Neotarpensi
931 3424 1029 3462 manum
1043 3433 1094 3473 rese,
1108 3423 1162 3461 eatis
1175 3423 1291 3461 verisimile
1303 3423 1357 3460 mihi

239 3477 335 3520 videtin,-
349 3478 377 3524 af.
392 3479 567 3517 commentarium
580 3488 657 3520 meam.

238 3603 337 3652 matina
355 3601 379 3667 I,
399 3618 428 3667 p.
448 3604 522 3666 381),
542 3617 596 3653 non
614 3607 692 3652 antea
710 3602 844 3668 depositas
861 3616 916 3652 esse
933 3603 1045 3652 aidetm.
1081 3603 1122 3653 De
1139 3604 1198 3667 ipso
1215 3603 1251 3666 as.
1270 3601 1356 3666 Nteee,

240 3672 422 3735 ‘Vernaltnnp
437 3674 481 3724 das
495 3671 664 3738 Reiahspnts’
673 3689 703 3739 p.
717 3675 769 3727 145
778 3689 842 3739 epp,
859 3679 883 3724 et
899 3673 927 3727 J.
941 3673 1048 3739 Becker,
1068 3673 1127 3724 ‘Die
1141 3672 1292 3725 Gesahiaitte
1308 3674 1357 3724 der

194 3754 220 3794 ³5
239 3741 486 3810 Reiahslandvoptei
501 3747 539 3795 im
556 3744 666 3796 Elsass’
682 3745 809 3811 p.2qu.
866 3744 892 3809 1)
914 3744 1063 3798 Corradus.
1117 3745 1146 3809 2)
1168 3744 1208 3809 Of.
1228 3744 1356 3795 Bditmer-

237 3812 336 3863 Fiairer
357 3830 401 3866 nr.
421 3816 499 3868 2244.
535 3816 657 3866 Dnaatns
681 3815 783 3866 Stiriae
807 3816 839 3865 in
864 3817 1001 3866 nativitate
1025 3817 1157 3867 dominica
1184 3816 1253 3866 anni
1278 3817 1355 3869 1236,

238 3886 398 3951 imperatori
414 3901 441 3936 se
462 3886 612 3940 subiecerat.
685 3885 714 3956 3)
733 3887 823 3938 Mater
841 3893 900 3937 erat
917 3885 1036 3938 Isabeila
1054 3886 1114 3951 filia
1132 3889 1205 3952 repis
1223 3885 1356 3936 Iohannis

237 3953 492 4021 Hierosolymitani;
510 3958 546 4021 af.
565 3973 652 4025 supra
668 3975 697 4023 p.
716 3960 760 4012 89.
832 3959 860 4023 4)
882 3958 971 4008 Mense
988 3957 1140 4008 Februario
1146 3974 1155 4017 ;
1173 3957 1210 4020 et.
1229 3956 1355 4008 Bdhnar·

237 4026 336 4078 Fiairer
360 4043 403 4081 nr.
423 4030 502 4083 4386.
534 4030 573 4086 W.
617 4030 657 4081 De
681 4029 800 4080 electione
826 4029 864 4091 ef.
887 4044 955 4094 puae
976 4029 1090 4094 Seeiiper
1114 4030 1145 4078 in
1171 4027 1284 4081 ‘Minati
1310 4027 1357 4078 dee

192 4111 220 4150 40
237 4099 303 4152 Inst.
323 4099 344 4161 f.
364 4099 515 4152 deterreat.
538 4099 636 4154 Gesait?
655 4099 735 4163 XVI,
757 4116 787 4165 p.
807 4101 843 4154 88
854 4115 909 4166 sqq.
929 4101 988 4166 epit.
1070 4098 1097 4168 5)
1124 4098 1275 4165 Sipefridas
1300 4098 1354 4152 ΙΙΙ.

238 4170 269 4220 de
293 4169 463 4237 Eppenstein.
500 4171 539 4225 W.
634 4173 661 4236 6)
693 4170 877 4223 Theodericus.
913 4171 955 4224 W.
1045 4172 1073 4237 t)
1099 4171 1277 4224 Weneesians.
1315 4171 1354 4224 W.

237 4241 266 4308 8)
287 4239 344 4292 Otto
359 4241 399 4296 ΙΙ.
425 4242 465 4296 W.
543 4244 572 4309 9)
593 4241 683 4294 Mense
701 4242 773 4294 Inlio
790 4241 969 4293 Eberhardas
990 4244 1083 4294 atriae
1105 4243 1242 4308 imperanti
1259 4241 1356 4308 Spirae

238 4313 351 4375 ader·at,·
371 4315 404 4377 af.
424 4312 664 4365 Baiana-Ficta
685 4329 729 4367 nr.
747 4315 827 4368 2269.
847 4315 966 4368 112119.
1041 4315 1085 4379 19)
1101 4313 1192 4366 Mense
1211 4312 1357 4378 Septembri

237 4383 350 4435 Italiam
362 4386 482 4438 intrarit
532 4383 577 4452 11)
590 4385 687 4436 Petras
700 4384 836 4450 Teupalne
848 4389 965 4450 potestas
976 4383 1129 4438 Mediolani.
1180 4383 1224 4453 12)
1237 4384 1355 4435 Victoria

192 4467 219 4506 45
237 4455 311 4520 apud
324 4455 552 4507 Cariam-novam
563 4456 606 4507 die
617 4459 660 4510 27.
672 4455 830 4508 Novembris
842 4461 981 4522 reportata
994 4456 1036 4507 tie
1048 4457 1192 4510 indicatur.
1248 4454 1292 4523 13)
1304 4454 1356 4505 Die

239 4527 281 4579 12.
298 4527 457 4582 Deennbris.

1142 4632 1175 4687 7*
