3284 5150
678 525 911 582 PRAEFATIO.
1308 521 1352 578 XI

233 710 496 777 monasteriorum
509 708 737 776 Marbacensis
752 715 782 774 et
793 707 1099 774 Smorceudanensis
1108 728 1208 789 prope
1225 705 1353 771 Oolmar

234 800 270 865 iu
286 799 417 865 Alsatia
439 798 601 882 superiore
623 798 756 863 sitorum
779 797 859 862 dicit
880 818 946 863 non
968 799 1006 862 de
1028 818 1085 862 suo
1102 795 1273 874 addidisse,
1297 796 1354 860 sed

233 910 272 954 erc
295 888 396 954 libello
419 891 555 970 quodam
577 886 802 969 deprompsisse
812 887 838 968 1,·
866 885 917 950 bis
946 885 1031 952 enim
1053 885 1095 950 R.
1114 885 1276 951 Wilmons
1297 885 1351 948 ad·

234 980 345 1044 ductus
375 983 452 1058 erat,
482 982 518 1041 ut
540 982 635 1042 totam
664 975 833 1042 Orouicam
855 975 1007 1042 monacbo
1029 973 1239 1040 Maubacensi
1261 972 1352 1038 attri-

202 1068 348 1132 sbueret.
396 1065 505 1147 Neque
528 1071 633 1130 tamen
656 1065 824 1146 quisquam
847 1065 949 1130 credet
976 1063 1068 1128 illum
1091 1062 1189 1128 initia
1211 1061 1352 1128 coenobii

234 1156 273 1219 ab
297 1177 327 1220 a.
355 1160 449 1219 1000.
472 1175 569 1236 usque
591 1157 636 1219 ad
657 1177 688 1220 a.
716 1159 811 1219 1130.
842 1153 890 1217 oel
905 1154 1006 1235 paulo
1028 1152 1166 1235 amplius
1188 1156 1351 1231 tractasse,

234 1245 271 1308 de
294 1244 387 1309 rebus
409 1264 465 1308 suo
489 1249 625 1326 tempore
651 1241 767 1307 ibidem
795 1241 892 1325 pestis
921 1241 1049 1308 omniuo
1078 1239 1204 1305 siluisse
1213 1261 1226 1320 ,‘
1254 1239 1353 1303 multo

227 1331 429 1414 probabilius
451 1339 503 1413 est,
528 1334 612 1413 quod
632 1331 801 1397 statuimus
823 1337 981 1395 auctorem
1010 1351 1027 1396 9
1048 1329 1215 1394 uetustiore
1238 1327 1351 1408 libello,

233 1442 298 1486 uon
321 1427 394 1486 aute
417 1443 448 1486 a.
464 1427 558 1485 1136.
583 1420 768 1502 composito²
783 1419 986 1502 descripsisse
1000 1441 1081 1501 quae
1096 1421 1134 1484 de
1148 1416 1353 1482 monasteriis

189 1536 214 1574 10
234 1510 444 1576 Marbacensi
473 1516 502 1575 et
524 1509 813 1575 Smarcendauensi
842 1508 944 1574 tradit
972 1509 1012 1573 ab
1035 1531 1066 1574 a.
1093 1508 1350 1572 1090—11303.

232 1597 336 1680 Atque
360 1600 515 1664 commode
537 1598 661 1679 accidit,
685 1604 721 1663 ut
741 1597 832 1663 illius
854 1597 952 1662 libelli
974 1595 1107 1679 oestipia
1135 1597 1292 1678 quaedam
1314 1595 1352 1659 iu

233 1690 299 1752 cod.
333 1687 538 1754 Einsidleusi
571 1708 622 1752 nr.
659 1692 737 1767 628,
776 1686 832 1766 fol.
870 1693 919 1751 15.
959 1685 1041 1751 miro
1078 1706 1155 1750 casu
1192 1705 1352 1765 superesse

187 1777 190 1781 ’
237 1777 273 1842 0.
297 1777 554 1859 Homer-Emer
576 1797 694 1841 mecam
716 1775 942 1857 beuipuissime
963 1773 1207 1841 communicaret
1215 1774 1237 1836 ⁴.

341 1866 427 1931 Sane
450 1871 573 1931 tautum
595 1867 689 1946 abest,
717 1871 753 1928 ut
773 1885 882 1946 nepem
904 1863 1086 1945 scriptorem
1115 1884 1185 1928 cum
1208 1861 1353 1927 coenobio

188 1979 214 2017 a
234 1954 445 2020 Marbacensi
467 1961 551 2020 arcte
574 1953 776 2020 coniunctum
798 1953 908 2034 fuisse,
938 1960 974 2017 ut
994 1952 1102 2035 potius
1124 1973 1195 2016 eum
1216 1951 1353 2030 fratrem

234 2041 360 2107 ordinis
389 2063 414 2107 s.
438 2043 614 2126 Anpustiui
637 2041 865 2107 Marbacensis
895 2040 1149 2124 conprepationis
1171 2039 1273 2120 fuisse
1289 2060 1354 2121 pro

234 2137 316 2195 certo
331 2131 503 2211 affirmare
520 2132 622 2196 uelim.
663 2132 753 2212 Quod
764 2132 923 2212 probatur
938 2137 967 2195 et
988 2130 1032 2194 iis
1047 2151 1127 2211 quae
1142 2150 1180 2194 coc
1194 2127 1353 2193 Bernoldi

238 2218 395 2285 Obronico
413 2219 565 2284 memoria
579 2219 680 2301 dipna
699 2218 761 2284 sibi
776 2217 848 2283 uisa
863 2218 1139 2300 transscripserit⁵
1157 2225 1185 2282 et
1207 2217 1251 2282 iis
1273 2237 1354 2298 quae

232 2310 271 2373 de
286 2308 555 2375 Marbacensibus
569 2308 636 2390 ipse
648 2306 800 2373 adiecerit
809 2307 831 2368 ⁶.
859 2307 906 2372 At
919 2315 1076 2373 amtorem
1093 2305 1263 2372 Granicum
1277 2305 1352 2370 scri-

188 2422 214 2460 99
234 2398 352 2462 beatem
375 2418 440 2462 nou
462 2397 499 2462 iu
521 2397 665 2462 coenobio
687 2396 907 2478 Marbacensi,
935 2397 991 2462 sed
1019 2395 1056 2460 iu
1078 2395 1269 2460 monasterio
1291 2394 1353 2459 oir-

231 2484 343 2568 pinum
365 2485 632 2568 Habeuburpeusi
654 2485 692 2550 iu
714 2491 817 2550 moute
847 2507 872 2550 s.
901 2484 1028 2551 Odiliae
1050 2483 1174 2550 condito
1196 2490 1227 2548 et
1248 2507 1270 2548 a
1293 2484 1352 2548 Re-

234 2575 317 2641 lindi
332 2575 493 2641 abbatissa
510 2578 679 2641 secundum
695 2596 842 2640 normam
860 2597 885 2641 s.
898 2574 1075 2657 Aupnstini
1097 2572 1238 2639 rest‘tuto
1253 2574 1353 2639 ollam

234 2664 353 2747 depisse
382 2664 420 2729 in
449 2664 671 2730 oomnrentario
699 2685 766 2729 meo
795 2664 927 2748 exposui
938 2665 957 2746 ⁷,
982 2663 1073 2729 uisus
1097 2670 1229 2744 praeter
1251 2669 1353 2728 cetera

233 2753 271 2819 in
293 2753 378 2818 uotis
399 2753 723 2836 Habenburpensibus
745 2774 807 2835 per
837 2760 933 2818 totam
960 2753 1131 2819 Granicum
1160 2754 1200 2817 ab
1231 2774 1262 2817 a.
1288 2757 1351 2817 674

190 2867 215 2904 u
235 2848 377 2906 -1199.
402 2842 554 2924 dispersis
564 2844 586 2905 ⁸.
633 2842 805 2923 Utramque
827 2841 1064 2922 monasteriam,
1089 2841 1302 2907 Marbacense
1325 2848 1354 2905 et

234 2930 512 3013 Holeuburpeuse,
535 2930 677 2996 strictius
699 2931 784 2995 inter
805 2952 838 2995 se
860 2952 1003 2997 comnena
1024 2937 1100 2995 sunt
1127 2950 1166 2995 eor
1188 2951 1248 3011 quo
1271 2931 1353 2994 Her-

235 3018 327 3084 radis
350 3018 511 3085 abbatissa
540 3041 571 3084 a.
598 3026 693 3084 1181.
724 3019 761 3084 in
790 3018 904 3099 infimo
926 3026 1028 3085 moute
1059 3019 1096 3084 iu
1117 3018 1197 3083 uilla
1223 3019 1353 3083 Traten·

234 3108 334 3173 basem
350 3107 608 3189 praeposituram
630 3107 828 3190 repularium
851 3108 1076 3173 canonicorum
1097 3107 1269 3172 instituens
1283 3107 1353 3188 pri·

234 3218 320 3263 mum
331 3195 551 3278 praepositum
566 3217 605 3262 erc
620 3196 832 3262 Manbacensi
847 3196 976 3261 ecclesia
992 3195 1166 3277 aduocauit,
1182 3195 1352 3276 fratribus,

190 3310 216 3348 ao
234 3292 269 3351 ul
291 3284 402 3365 officia
432 3306 527 3351 sacra
558 3286 596 3351 iu
625 3285 755 3351 ecclesia
777 3285 1044 3367 Hobeuburpensi
1073 3286 1274 3367 celebrarent,
1304 3285 1353 3350 in·

233 3374 348 3455 iuncit,
368 3376 453 3439 duos
478 3396 519 3440 ex
535 3376 708 3441 canonicis
725 3422 733 3438 .
751 3422 759 3437 .
777 3422 784 3437 .
801 3376 1063 3440 ebdomadarios
1086 3376 1123 3438 in
1139 3374 1352 3440 Hohenburc

234 3484 369 3548 semper
399 3465 581 3529 constituit
611 3466 795 3530 servituros
806 3465 828 3527 ⁹.
879 3465 1019 3545 Quorum
1048 3464 1130 3529 alter
1159 3463 1350 3540 Oronicam,

234 3572 328 3633 quam
352 3553 687 3636 Hohenburgensem
710 3552 878 3618 nominare
900 3552 1013 3618 debinc
1042 3551 1154 3632 licebit,
1185 3573 1223 3617 ea
1249 3552 1353 3617 uariis

234 3641 327 3706 libris
348 3640 386 3706 in
409 3640 594 3707 bibliotbeca
616 3640 778 3724 cirpiuum
796 3641 936 3723 undique
951 3642 1085 3708 collectis
1100 3640 1269 3723 dilipenter
1283 3662 1352 3707 corc-

190 3815 216 3854 35
343 3814 368 3884 1)
394 3816 439 3866 Ad
456 3831 487 3867 ea
505 3831 571 3883 quoe
591 3821 738 3882 sequautur
761 3815 796 3879 cf.
815 3830 906 3871 comm.
921 3833 952 3883 p.
970 3816 1006 3871 86
1018 3832 1056 3883 99.
1110 3817 1138 3883 2)
1161 3816 1202 3879 Of.
1219 3815 1298 3879 infra
1317 3815 1353 3865 ad

235 3901 262 3937 a.
275 3887 352 3940 1124.
366 3891 389 3938 et
402 3888 480 3941 1136.
534 3888 562 3952 3)
586 3887 628 3950 of.
647 3887 726 3949 iufra
739 3904 769 3953 p.
783 3890 816 3941 37
830 3903 885 3954 999.
939 3889 968 3954 4)
990 3888 1032 3950 Cf.
1046 3888 1128 3950 iufra
1141 3903 1171 3953 p.
1185 3889 1229 3952 37,
1248 3902 1275 3939 n.
1290 3888 1313 3941 1.
1326 3888 1352 3939 4.

234 3955 262 4025 5)
282 3957 325 4020 Cf.
344 3972 434 4011 comm.
448 3974 479 4024 p.
498 3960 533 4013 84
545 3974 583 4023 99.
657 3958 685 4025 6)
706 3958 747 4023 Cf.
766 3960 895 4026 inprimis
913 3959 949 4009 ad
967 3960 1086 4022 a.1092,
1101 3975 1130 4025 p.
1150 3958 1193 4015 37,
1212 3958 1243 4007 de
1262 3974 1353 4009 umna-

233 4029 315 4080 staro
327 4028 353 4083 S.
366 4028 478 4093 Georptc’
488 4030 562 4095 apud
577 4029 746 4092 Trelsmom;
764 4046 789 4083 a.
805 4032 882 4094 1006,
898 4046 928 4095 p.
941 4032 983 4085 39.
997 4045 1065 4095 auae
1077 4030 1114 4080 ad
1124 4028 1230 4081 uerbum
1248 4044 1281 4080 coc
1288 4030 1353 4094 pri·

233 4099 325 4166 adepto
349 4099 455 4151 Urbani
471 4100 509 4154 ΙΙ.
532 4101 691 4167 Mauepoldo
710 4104 841 4166 moptstro
858 4102 921 4153 dato
938 4106 1062 4167 eucerpto
1080 4105 1161 4163 sunt,·
1186 4102 1303 4155 u.1183.
1322 4101 1354 4151 de

188 4173 215 4211 4⁰
233 4170 748 4238 BanbardopraeposttoMarbocenst.
804 4172 832 4240 7)
846 4172 887 4236 Of.
900 4187 991 4225 mmai.
1004 4190 1033 4239 p.
1045 4173 1080 4225 87
1089 4187 1145 4238 sqq.
1199 4174 1227 4238 8)
1243 4172 1276 4225 Α.
1290 4173 1351 4236 674,

229 4258 258 4308 p.
271 4245 288 4296 3
301 4258 339 4309 sq.
359 4243 390 4293 de
407 4247 481 4307 pente
496 4244 581 4294 Attici
597 4244 681 4308 ducis,
699 4243 730 4293 de
749 4248 837 4294 castro
848 4242 1022 4308 Hohcuburp,
1041 4243 1071 4293 dc
1083 4243 1145 4307 filia
1157 4258 1233 4295 caeca
1247 4242 1353 4304 Odius,-

234 4315 349 4368 91002.
362 4315 393 4365 de
405 4315 544 4365 nativitate
555 4312 653 4365 honis
666 4313 716 4367 IX.
725 4330 833 4382 popoo,·
852 4316 966 4369 a.1045.
979 4315 1010 4366 dc
1021 4315 1216 4365 corosccrattone
1233 4315 1353 4365 ecclcsiae

232 4383 484 4450 Habenburpensts;
503 4400 528 4438 a.
550 4386 627 4439 1180.
646 4386 677 4436 dc
694 4385 855 4437 dedicatione
873 4386 1016 4448 inferioris
1034 4387 1212 4447 moomstcrit;
1234 4401 1259 4439 a.
1274 4386 1352 4439 1199.

232 4455 264 4506 dc
282 4456 402 4506 incendio
420 4454 648 4521 Habenburpcnst.
722 4458 748 4523 9)
771 4457 812 4520 Cf.
827 4455 990 4523 Scbocptltn,
1009 4457 1117 4508 Alsatta
1135 4456 1311 4522 diplomatica
1328 4455 1352 4521 I,

187 4536 214 4574 45
228 4541 258 4591 p.
277 4528 338 4581 275.
357 4528 418 4581 282.
438 4531 461 4578 et
479 4542 569 4580 comm.
588 4544 615 4593 p.
634 4529 676 4581 90.
