3284 5150
519 518 701 576 ANNALBS
719 518 1012 576 massanellus.
1291 522 1327 576 97

210 709 348 791 perator
370 705 482 769 missis
505 705 636 769 nuntiis
659 704 821 768 invitarit
844 704 1017 788 principes
1040 704 1084 768 ad
1100 702 1416 787 sollempnemlissu

210 796 339 861 curiam
374 793 615 859 celebrandam
650 793 743 877 apud
772 793 990 876 Moguntiam
1020 793 1057 856 in
1092 792 1326 876 assumptione
1335 815 1392 863 aa.
1402 814 1438 855 a.

208 885 310 950 beate
333 884 453 947 Maria.
498 883 639 947 Interea
662 882 708 945 H.
731 902 801 958 rex,
826 882 918 945 filius
940 880 1168 965 imperatoris,
1193 881 1261 964 qui,
1285 884 1327 943 ut

209 974 304 1058 prius
328 974 459 1037 dictum
482 975 545 1049 est,
569 971 735 1055 plurimos
758 970 794 1033 in
818 991 918 1033 suum
938 971 1092 1035 favorem
1108 974 1144 1035 et
1159 969 1327 1033 auxilium

177 1082 270 1147 sper
293 1062 457 1127 donativa
482 1062 683 1136 attraxerat,
715 1079 880 1143 persuasu
910 1059 1089 1124 cuiusdam
1113 1057 1327 1123 Hermanni1

208 1151 364 1234 magistri
396 1152 517 1214 domus
546 1149 840 1213 Theutonicornm
869 1150 906 1213 ct
933 1149 1053 1212 fratris
1083 1147 1144 1211 B.²
1173 1148 1325 1213 eiusdem

210 1241 330 1305 domus
354 1240 498 1304 accessit
520 1238 563 1302 ad
586 1242 719 1321 patrem
730 1237 751 1297 ³.
792 1236 860 1316 Qui
876 1237 994 1301 statim
1009 1236 1095 1302 fecit
1111 1257 1190 1301 eum
1205 1235 1327 1301 haberi

209 1329 272 1393 sub
311 1328 468 1393 custodia
505 1330 542 1392 et
579 1329 658 1412 post
692 1326 948 1409 aliquantulum
986 1326 1151 1410 temporis
1186 1329 1326 1410 captum

208 1418 376 1501 relegavit
403 1437 481 1482 eum
511 1416 549 1480 in
578 1436 684 1500 regno
707 1415 846 1500 Apulia,
876 1416 937 1479 ubi
966 1415 1030 1479 sub
1061 1418 1139 1478 arta
1168 1414 1326 1479 custodia

165 1538 191 1576 ιο
209 1508 393 1571 tenebatur
430 1507 522 1569 iusto
557 1505 624 1569 Dei
661 1505 804 1589 punitus
842 1504 1002 1569 iudicio*⁸
1065 1503 1133 1583 Qui
1170 1506 1325 1588 tempore

209 1596 448 1680 prosperitatis
485 1596 645 1658 timorem
684 1594 751 1658 Dei
789 1593 984 1678 postposuit
1022 1594 1059 1657 et
1099 1596 1325 1677 tyrannorum

209 1705 291 1749 usus
321 1684 464 1749 consilio
499 1685 662 1747 honestos
691 1683 782 1746 viros
812 1682 1021 1767 contempsit
1052 1684 1087 1745 et
1116 1682 1217 1746 fedus
1247 1701 1325 1746 vere

209 1773 429 1858 paternitatis
463 1772 574 1855 rupit,
606 1770 687 1855 qui⁵
720 1771 836 1836 nobile
867 1791 1013 1854 regnum
1043 1770 1248 1835 Alemannie
1278 1770 1326 1833 in·

208 1867 366 1946 tagram·
395 1881 466 1925 una
496 1882 573 1924 cum
604 1860 731 1944 prediis
760 1860 935 1943 regalibus
965 1863 1001 1924 et
1030 1859 1209 1937 reditibus,
1240 1879 1325 1943 quos

164 1972 190 2011 a
207 1952 282 2015 iure
306 1950 515 2015 hereditario
546 1950 755 2033 possederat,
787 1951 861 2013 sine
891 1949 986 2013 omni
1016 1948 1229 2033 obligatione
1259 1948 1326 2012 sibi

207 2038 434 2122 reliquerat⁶;
467 2041 502 2102 et
523 2038 600 2101 istis
631 2038 761 2101 divitiis
791 2059 862 2101 non
893 2039 1077 2102 contentus
1106 2037 1180 2102 fere
1210 2038 1326 2101 omnia

209 2127 493 2192 adnichilaverat.
532 2127 647 2190 Etiam
671 2127 761 2190 viros
784 2126 963 2210 religiosos
987 2130 1023 2190 et
1041 2126 1250 2190 monasteria
1265 2146 1326 2210 per

208 2216 428 2301 tyrannidem
465 2214 698 2299 opprimebat,
745 2218 781 2279 et
820 2214 1018 2299 provincia²
1055 2214 1107 2277 ita
1144 2217 1325 2279 attenuata

208 2306 333 2382 fuerat,
357 2304 449 2387 qnod
472 2304 570 2367 nulla
593 2325 660 2388 pax
682 2304 927 2367 itinerantibus
951 2307 1035 2369 erat.

162 2416 189 2455 ec
315 2394 429 2477 Igitur
461 2393 666 2457 adveniente
695 2393 787 2457 festo
817 2392 1060 2477 assumptionis
1091 2394 1436 2464 conveneruntaaa.

207 2483 378 2567 principes
402 2502 443 2546 ex
460 2482 600 2546 diversis
616 2481 773 2566 partibus
790 2482 983 2546 Theutonie
999 2481 1091 2565 apud
1107 2481 1322 2564 Moguntiam

207 2593 314 2655 usque
345 2571 389 2636 ad
412 2570 486 2635 XII
510 2571 606 2636 milia
635 2571 796 2649 militum,
828 2570 890 2636 ubi
918 2571 1107 2655 imperator
1136 2570 1172 2634 in
1202 2572 1325 2635 octava
1333 2593 1389 2643 aa.
1400 2593 1436 2633 a.

207 2661 451 2745 assumptionis
483 2664 666 2725 coronatus
700 2661 841 2725 incessit
851 2660 872 2724 ⁸.
931 2660 977 2724 Et
1006 2661 1043 2723 in
1079 2660 1198 2724 eadem
1229 2660 1325 2724 curia

97 2764 188 2813 *rr-1⁷⁸.
208 2750 373 2814 *nobilem
389 2750 501 2814 virum
523 2750 670 2814 ¹'dictum
685 2751 728 2814 de
745 2750 953 2814 Ldncburch
969 2752 1005 2815 et
1021 2749 1063 2814 de
1080 2748 1364 2819 Bruneswich⁹u
1375 2772 1422 2814 ua

163 2860 189 2899 a
208 2859 248 2903 ex
269 2839 379 2922 regali
402 2839 562 2923 prosapia
584 2839 778 2913 oriundum,
802 2842 964 2922 nepotem
988 2837 1127 2903 Ottonis
1150 2838 1323 2920 qnondam

206 2929 438 3013 imperatoris,
482 2928 524 2991 de
559 2927 701 2991 consilio
743 2927 937 3011 principum
973 2927 1058 2991 fecit
1093 2926 1225 2990 ducem.
1277 2925 1323 2988 ut

207 3017 397 3100 postulavit
421 3037 441 3079 a
464 3015 677 3101 principibus
700 3015 865 3078 auxilium
890 3019 1012 3080 contra
1034 3015 1255 3078 Lombardos.

313 3105 501 3169 Transacta
517 3105 613 3169 curia
622 3104 649 3142 1⁰
666 3105 853 3187 imperator
876 3105 969 3188 apud
989 3103 1215 3168 Wormatiam
1240 3102 1323 3168 cele·

207 3195 320 3258 brevit
358 3194 497 3277 nuptias
536 3214 614 3258 cum
653 3213 766 3258 sorore
804 3193 895 3276 regis
933 3192 1076 3277 Anglie,
1116 3212 1217 3275 quam
1257 3192 1324 3255 sibi

161 3305 189 3345 a
207 3276 417 3348 adduxeratb
438 3283 716 3366 archiepiscopus
733 3280 983 3346 Coloniensis¹¹
1002 3284 1037 3346 et
1057 3281 1117 3344 alii
1133 3284 1321 3365 magnates.

207 3371 318 3451 Quam
342 3374 420 3458 post
443 3372 582 3456 nuptias
605 3372 699 3435 misit
716 3370 913 3454 Hagenowe
937 3373 973 3435 et
996 3390 1074 3435 cum
1097 3369 1172 3455 ipsa
1193 3371 1323 3436 ibidem

207 3461 427 3546 hyemavit¹².

207 3589 230 3640 a)
243 3590 316 3629 eadem
329 3601 394 3628 manu
408 3599 516 3639 superior.
571 3589 593 3637 b)
608 3589 640 3627 ita
655 3600 673 3628 a.

209 3689 234 3754 1)
247 3686 398 3740 Harmauui
411 3687 631 3741 illiusdeSalzu.
694 3688 723 3753 2)
745 3687 887 3738 Bataua·
902 3688 934 3739 de
950 3687 1133 3742 Taunenrode.
1194 3690 1222 3754 3)
1235 3686 1324 3738 Menae

161 3767 189 3808 so
207 3759 288 3810 Iunio
300 3765 406 3811 meante
412 3759 559 3810 Heinricuc
571 3761 650 3808 iuxta
661 3758 825 3824 Wimpiuam
837 3760 997 3826 imperatori
1003 3774 1031 3810 se
1040 3758 1161 3817 euticam
1169 3758 1325 3809 Fiidcricus

207 3830 294 3894 filium
307 3830 485 3882 Wcrmatiam
503 3829 642 3881 deitatum
660 3830 690 3880 iu
708 3829 815 3880 rimula
833 3831 948 3884 ranucii.
978 3829 1020 3893 Cf.
1032 3831 1112 3881 etiam
1124 3830 1194 3880 Acta
1208 3826 1324 3893 (impen-

208 3901 330 3952 bacausia
349 3903 377 3952 iu
392 3900 556 3965 ‘Zeitscbrift
568 3902 618 3965 fur
629 3900 670 3952 die
681 3900 770 3953 Geccb.
781 3900 827 3951 dee
840 3900 998 3953 Obarbciue
1011 3901 1045 3953 N.
1058 3897 1099 3954 F!
1112 3898 1132 3949 1
1135 3899 1165 3964 V,
1176 3916 1203 3966 p.
1215 3901 1275 3952 111.
1293 3899 1325 3949 de

208 3973 390 4024 coniuratione
407 3971 538 4025 Heinrici.
623 3973 652 4037 4)
673 3973 753 4023 Auno
772 3973 850 4026 1236.
874 3970 1019 4022 Heinricus
1044 3973 1073 4022 iu
1096 3971 1226 4037 Apuliam
1251 3970 1324 4037 apud

207 4043 334 4095 Sanctum
350 4044 461 4095 Felicem
479 4043 627 4094 cavandus
637 4043 762 4097 mittar.
793 4043 883 4094 Mauo
897 4042 1050 4094 Februario
1067 4043 1136 4092 anni
1154 4043 1232 4095 1242.
1251 4040 1325 4108 apud

163 4119 190 4158 4⁰
208 4114 402 4166 Mamercorum
417 4115 487 4168 otiu.
544 4112 570 4182 5)
587 4113 650 4167 Seii.
665 4118 753 4179 pater.
808 4114 836 4179 6)
848 4112 888 4177 Cf.
903 4113 1101 4178 Wiukeimauu‚
1114 4112 1266 4164 ‘Friedricb
1275 4111 1324 4168 II!

208 4185 232 4251 I,
245 4201 275 4251 p.
286 4189 347 4250 355,
363 4201 390 4240 u.
400 4188 425 4240 2.
493 4183 520 4253 7)
533 4183 567 4235 Id
579 4188 616 4235 ast
627 4185 744 4235 Alsatia.
810 4184 839 4252 8)
853 4184 1146 4248 &witmer-Ficta
1163 4186 1323 4239 m·.2104².

208 4257 235 4324 9)
264 4255 381 4308 Ottoaem
408 4257 494 4321 filium
525 4255 660 4306 Wilbelmi
686 4256 717 4306 de
742 4255 890 4321 Luneburp
917 4258 963 4320 (af.
989 4270 1075 4322 cupra
1098 4273 1128 4322 p.
1150 4257 1199 4321 48,
1225 4256 1243 4309 l.
1268 4257 1324 4320 12).

209 4328 253 4392 10)
281 4328 384 4390 Falsa·
413 4327 573 4379 Frideriaus
602 4333 663 4378 aute
692 4328 798 4377 aeriam
825 4326 1062 4392 noym-saum
1093 4326 1255 4378 Wormatiaa
1283 4327 1325 4377 di'e

211 4401 251 4453 15.
270 4399 338 4451 luia·
353 4400 466 4464 nuptias
483 4414 542 4450 cum
561 4397 675 4449 Isaballa
693 4400 773 4464 (quae
791 4413 809 4447 a
826 4397 995 4449 Timonitis
1013 4397 1151 4449 Elisabeth
1169 4397 1325 4457 uocatam)

161 4483 191 4523 45
208 4483 299 4522 sorore
310 4470 437 4522 Heinrici
447 4469 467 4520 I
467 4469 503 4524 II.
522 4473 595 4535 repis
612 4469 727 4534 duplice
744 4467 890 4520 adebravit.
972 4467 1017 4536 11)
1036 4467 1182 4520 Heinricuc
1199 4468 1231 4519 de
1242 4467 1326 4520 Mole-

207 4542 320 4595 naricen.
388 4541 433 4609 12)
453 4541 495 4605 of.
516 4540 749 4592 Bdbmar-Ficker
766 4555 809 4594 ar.
828 4536 919 4594 212111)
933 4555 987 4606 sqq.

262 4637 360 4678 Annalm
374 4638 539 4679 Marbacsuses.
1113 4631 1129 4682 7
