3284 5150
323 494 375 547 130
425 487 608 545 matius
626 487 947 545 undaurnimat
963 488 1154 546 ratmunt
1171 489 1400 547 PRADDIOA'P.

215 687 310 759 Ι1266,
428 674 530 736 Anno
546 671 687 735 Domini
702 671 931 737 MOOLVIII.
961 671 1095 736 Tanta¹
1113 673 1184 736 tuit
1206 672 1294 737 aeris
1315 674 1437 739 intem·

321 761 442 846 peries,
466 762 557 845 quod
581 782 717 827 annona
733 762 956 847 computrivit
977 762 1015 824 in
1037 765 1140 839 terra,
1165 765 1201 826 et
1224 762 1315 825 botri
1338 763 1437 827 crudi

321 853 357 915 et
375 850 551 913 immaturi
569 855 818 928 remanserunt,
842 852 893 915 ita
908 850 1000 935 quod
1015 854 1171 934 tempore
1186 851 1438 916 vindemiarum

320 939 402 1023 gelu
425 939 747 1023 supervenientem
770 939 896 1024 sportis
918 942 955 1004 et
981 940 1019 1002 in
1042 940 1150 1004 saccis
1170 940 1432 1004 inferebantur·

320 1032 356 1092 et
378 1028 416 1091 in
438 1021 688 1093 torcularibusb
716 1049 795 1093 cum
817 1027 935 1093 calciis
958 1028 1217 1103 calcabantur⁶,
1239 1031 1277 1093 et
1299 1028 1437 1093 effluxit
1463 1050 1479 1089 s

320 1118 448 1201 glacies
472 1138 550 1182 cum
572 1117 685 1180 vino².

175 1250 178 1256 -
233 1211 310 1267 1256.
427 1205 592 1289 Sequenti
616 1208 732 1271 autem
756 1226 846 1270 anno
871 1206 979 1271 crevit
1001 1206 1172 1291 optimum
1194 1205 1347 1270 vinum³.

427 1296 528 1359 Anno
545 1294 685 1359 Domini
704 1293 895 1358 MCCLIX.
928 1294 1087 1360 Dabatur
1104 1295 1262 1377 quartale
1279 1296 1352 1358 vini
1374 1316 1436 1379 pro

322 1383 401 1447 1111
431 1382 492 1448 sol.
524 1386 560 1449 et
588 1383 745 1466 quartale
774 1383 944 1448 frumenti
977 1404 1040 1468 pro
1069 1383 1151 1447 IHI
1182 1383 1243 1447 sol.
1273 1384 1311 1447 in
1341 1384 1437 1448 curia

232 1522 235 1529 .
321 1473 452 1536 domini
475 1473 518 1537 de
540 1466 824 1557 Dalmazingenl·
837 1472 861 1535 ⁴.

232 1566 310 1621 1266.
427 1563 528 1625 Anno
559 1560 700 1625 Domini
728 1560 899 1626 MCOLX.
946 1560 1177 1626 Oousscrata¹
1205 1564 1260 1626 est
1292 1561 1438 1627 ecclesia

320 1650 580 1717 Prsdicatorum
596 1670 617 1714 a
633 1650 771 1714 domino
787 1650 915 1715 Iacobo
930 1650 1081 1715 Metsnsi
1095 1650 1275 1734 episcopo⁰
1294 1651 1333 1713 in
1348 1651 1437 1733 capi·

321 1740 396 1805 tulo
419 1738 594 1824 generali⁵
616 1739 679 1803 sub
697 1739 836 1803 domino
853 1739 1032 1804 Walthero
1053 1738 1164 1803 electo
1180 1740 1436 1822 Argentinensi.

232 1832 311 1889 1261.
427 1829 529 1893 Anno
553 1827 693 1891 Domini
715 1826 906 1892 MOOLXI.
945 1827 1031 1893 Orta
1059 1829 1112 1892 est
1141 1828 1334 1912 penitentia
1356 1849 1436 1911 quc·

228 1978 231 1987 ,
321 1918 400 1981 dam
422 1916 678 2000 flagellatorum
707 1917 744 1980 in
767 1914 890 1983 Tuscia
913 1921 949 1982 et
976 1914 1015 1981 in
1037 1917 1157 1995 Roma,
1188 1921 1224 1981 66
1253 1936 1314 2000 per
1336 1917 1490 1985 Lam-1⁶

320 2006 444 2071 bardos
467 2006 562 2071 venit
583 2007 620 2069 in
639 2005 882 2084 Theutuniam‚
905 2006 957 2071 ita
979 2006 1071 2090 quod
1094 2006 1138 2071 de
1160 2006 1317 2090 partibus
1340 2026 1435 2089 supe

318 2095 466 2160 rioribus
488 2115 559 2157 una
581 2095 684 2159 simul
707 2094 1006 2178 processionaliter
1025 2095 1098 2158 bini
1118 2098 1155 2159 et
1174 2095 1248 2158 bini
1265 2098 1435 2159 venerunt

318 2186 356 2248 in
371 2184 600 2268 Argentinam
616 2184 724 2247 dorsis
741 2184 925 2248 denudatis
947 2204 984 2248 se
1007 2182 1215 2267 flagellando
1234 2183 1311 2267 plus
1332 2204 1435 2267 quam

318 2272 432 2351 Mem
457 2277 493 2338 et
515 2272 643 2337 ibidem
667 2272 844 2337 cessavitl.

231 2367 309 2422 1267.
425 2364 527 2427 Anno
555 2361 696 2426 Domini
725 2360 967 2425 MOCLXVII.
1001 2361 1203 2425 Translatus
1232 2364 1285 2426 est
1313 2361 1435 2425 beatus
1453 2392 1486 2430 so

319 2451 521 2515 Dominicus
542 2451 579 2514 in
598 2454 765 2513 tammam
783 2470 917 2527 novam,
938 2449 1090 2534 capitulo
1109 2450 1262 2534 generali
1280 2450 1435 2515 Bononie

320 2539 493 2605 celebrato
505 2538 525 2601 ⁷.

232 2636 309 2690 1268.
425 2631 527 2692 Anno
558 2627 699 2691 Domini
728 2626 991 2690 MOOLXVHI.
1033 2628 1184 2692 Karolus
1216 2648 1276 2692 rex
1310 2628 1434 2713 Sycilie

320 2718 433 2802 capite
456 2717 542 2781 fecit
567 2710 744 2780 truncaris
772 2714 1006 2780 Oonradinum
1030 2717 1140 2781 filium
1164 2717 1315 2782 Conradi
1342 2718 1435 2801 apud

318 2806 511 2889 Neapolim,
536 2826 614 2870 cum
636 2805 742 2870 vellet
765 2805 926 2870 invadere
949 2826 1093 2889 regnum
1115 2806 1250 2890 Sycilie,
1274 2807 1364 2889 quod
1389 2807 1435 2869 ad
1453 2836 1483 2874 sa

319 2915 354 2960 ee
385 2895 522 2960 dicebat
553 2895 628 2960 iure
661 2895 870 2959 hereditario
900 2896 1089 2979 pertinere,
1119 2895 1331 2980 temporibus
1362 2893 1434 2959 016

318 2984 444 3050 mentis
468 3005 555 3068 pape
580 2984 670 3047 IIII.
680 2983 702 3044 ⁸.

317 3160 339 3207 a)
353 3158 493 3198 inferebatur
506 3169 523 3196 6,
582 3159 606 3206 b)
620 3157 768 3197 cartularibus
781 3167 800 3195 e.
862 3154 883 3206 c)
896 3157 969 3196 caltits
987 3157 1129 3197 enitebantur
1142 3168 1160 3196 e.
1216 3156 1239 3206 d)
1256 3157 1281 3196 iu
1299 3177 1325 3186 -
1343 3157 1433 3196 Dalma-

316 3213 396 3260 z'mgen
409 3215 487 3261 postea
500 3211 552 3249 add,
607 3211 627 3262 e)
641 3210 723 3251 Meteri.
739 3223 759 3253 e.
775 3209 828 3259 δῑό.
843 3220 862 3250 6.
916 3210 934 3261 1)
948 3215 1028 3249 trunca
1042 3222 1061 3250 e.

317 3353 475 3406 manasterii
491 3351 625 3404 Salamas
642 3353 800 3405 Alexandro
814 3368 906 3418 papae
922 3353 1072 3404 retulerunt
1089 3351 1305 3417 (‘Straesbmper
1327 3351 1391 3404 aa!
1410 3351 1434 3417 I,
1454 3369 1482 3407 aa

313 3441 343 3491 p.
356 3426 417 3492 318,
435 3439 478 3477 nr.
491 3425 566 3486 423).
622 3424 648 3489 1)
672 3423 713 3485 Of.
728 3425 800 3477 Aua.
815 3423 897 3478 (16166.
910 3427 975 3477 mia.
999 3424 1016 3479 1.
1030 3440 1051 3475 6.
1067 3441 1095 3491 p.
1109 3426 1169 3478 191.
1223 3425 1252 3490 2)
1274 3423 1316 3487 Cf.
1329 3423 1434 3476 Riober.

317 3495 412 3548 86666.
437 3494 469 3559 V,
495 3510 515 3548 6.
535 3495 552 3548 5
570 3493 630 3559 (88.
649 3493 742 3561 XXV,
759 3512 786 3562 p.
806 3496 880 3561 333).
964 3494 992 3564 3)
1012 3496 1053 3559 Cf.
1072 3494 1106 3548 ib.
1122 3511 1150 3560 p.
1170 3496 1230 3548 334.
1314 3494 1342 3561 4)
1362 3495 1435 3546 Haec

317 3567 435 3630 sortasse
458 3572 495 3616 est
518 3567 598 3616 curia
622 3564 709 3616 1116666Ι
733 3567 853 3618 cantaris
868 3566 1074 3632 Arpents'aeuss'a
1097 3566 1214 3618 eccesiae
1236 3566 1301 3618 dieti
1317 3567 1349 3618 de
1370 3567 1435 3618 Tar-

315 3638 459 3702 6666666,
477 3639 507 3686 tu
519 3652 573 3702 qua
591 3634 695 3702 capella
713 3635 924 3703 611669666666
941 3640 995 3690 atta
1012 3643 1071 3689 erat
1090 3637 1351 3703 (6.1866666666666
1367 3635 1434 3690 ua!

318 3707 342 3773 I,
364 3722 394 3774 Ρ.
415 3709 487 3768 1981.
530 3707 639 3758 11161666
664 3707 735 3758 iuter
760 3710 917 3774 praecrpuoe
934 3710 1055 3773 fautores
1072 3710 1194 3773 fratrum
1212 3708 1434 3760 Praedicatorum
1453 3724 1479 3763 ³5

316 3781 475 3830 nominatur
492 3781 539 3843 (cf.
557 3777 731 3845 Wimpfeltmp
749 3779 803 3831 1666
820 3795 907 3846 supra
928 3797 957 3847 p.
978 3782 1039 3845 129,
1066 3797 1093 3834 6.
1112 3782 1137 3834 4.
1156 3779 1256 3841 citato).
1294 3779 1336 3843 Cf.
1354 3781 1433 3832 etiam

316 3849 492 3917 epitaphium,
508 3849 701 3917 posterioribus
719 3851 825 3917 quidem
843 3851 1002 3919 temporum
1019 3853 1050 3902 iu
1061 3851 1178 3903 claustro
1190 3852 1344 3915 consutum,
1363 3852 1434 3917 quad

318 3921 485 3973 (1666616666
501 3923 657 3988 descrspstt:
675 3919 759 3973 Anno
772 3920 884 3975 Domini
896 3919 1040 3976 MOOLH.
1059 3921 1129 3974 obiit
1141 3937 1288 3990 generosus
1306 3921 1433 3974 dominns

316 3990 403 4045 frater
420 3991 531 4046 Ulrious
549 3991 584 4044 de
601 3991 805 4062 Dalmasingen‚
832 3991 969 4060 quondam
988 3995 1084 4045 cantor
1102 3995 1130 4045 et
1148 3992 1304 4046 scolasticus
1322 3991 1433 4045 maioris

317 4062 431 4115 ecclesie
449 4062 657 4132 Argentinensis
681 4068 710 4117 et
732 4063 888 4132 prepositus
906 4062 934 4118 S.
952 4062 1031 4116 Petri
1054 4063 1174 4132 iunioris,
1198 4063 1329 4118 fundator
1352 4062 1433 4117 huius
1453 4080 1479 4118 eo

318 4131 421 4188 domm.
459 4135 618 4200 (Nauorum
637 4133 750 4188 Oeucres
767 4135 845 4189 istd!
862 4136 893 4201 V,
908 4152 938 4202 p,
957 4137 1030 4196 364).
1049 4166 1083 4174 -
1103 4136 1146 4200 Of.
1164 4137 1245 4188 etiam
1264 4137 1292 4191 0.
1304 4135 1431 4201 Schmidt,

317 4204 518 4271 ‘btraasburper
546 4206 662 4256 666666-
686 4207 744 4258 uad
768 4205 988 4258 Hauseracmea’
1014 4223 1043 4274 p.
1068 4209 1112 4262 45.
1202 4206 1230 4275 5)
1256 4208 1326 4259 Aeta
1350 4207 1434 4258 butue

317 4275 433 4344 capituli
448 4277 522 4343 apud
540 4275 662 4328 Martem
679 4283 703 4329 et
720 4279 850 4343 Duraud,
872 4278 951 4332 tues.
971 4278 1126 4343 6666611,
1145 4278 1193 4333 col.
1207 4280 1284 4333 1728.
1345 4277 1373 4346 6)
1392 4277 1433 4328 De

316 4347 530 4414 flapellators‘hue
553 4350 586 4412 ef.
604 4353 714 4413 praeter
735 4350 804 4401 attae
821 4354 942 4401 auctores
959 4347 1125 4401 Hammeum
1140 4349 1295 4401 Altabenerb
1313 4349 1432 4401 Annales

317 4433 343 4472 a.
363 4420 433 4474 1260
451 4419 513 4484 (SS.
531 4418 628 4483 XVII,
650 4436 681 4487 p.
699 4421 773 4481 402).
847 4421 873 4488 7)
891 4421 931 4484 Of.
951 4425 1012 4472 aeta
1030 4421 1114 4472 huius
1131 4421 1245 4487 capitali
1260 4421 1335 4488 apud
1351 4419 1431 4471 Mar·
1449 4436 1477 4474 so

314 4488 380 4556 1666,
403 4490 479 4545 Tlree.
500 4489 588 4544 amcd.
605 4489 655 4554 IV,
674 4490 720 4544 ecl.
735 4492 813 4546 1745.
884 4490 912 4559 8)
931 4490 1005 4543 Haec
1023 4492 1060 4542 ad
1075 4493 1183 4544 uerbum
1201 4493 1256 4556 fere
1273 4491 1431 4544 concordant
