3284 5150
556 523 739 581 ANNALES
756 523 1046 581 Mauueouusus.
1326 527 1361 605 63

239 711 402 795 Tiringie
426 711 469 776 ab
494 709 715 794 expedicione
739 728 894 774 reversus
919 709 956 771 in
979 709 1065 772 mari
1088 708 1274 773 defunctus
1297 689 1477 808 3333113011)

241 803 331 866 Item
348 800 562 864 Pataviensis
586 799 765 882 episcopus
789 801 825 862 et
848 797 951 861 multi
973 797 1107 862 nobiles
1130 798 1167 861 in
1182 797 1360 863 obsidione
1371 821 1437 868 (uu.
1445 822 1477 871 a).

241 891 405 954 Acheron
428 888 586 954 defuncti
610 889 703 952 sunt·
742 886 921 969 Peregrini
945 887 987 950 de
1003 886 1140 951 Alsatia
1153 887 1227 951 fere
1243 905 1360 951 omnes
1371 894 1449 948 1191.

241 978 302 1061 qui
323 978 374 1042 ibi
397 981 496 1042 erant
519 979 674 1060 egestate
698 978 734 1041 et
757 978 854 1060 peste
878 978 1024 1058 cogente
1047 977 1204 1040 redeunt.

209 1091 224 1130 s
348 1066 491 1131 Prefata
514 1067 635 1130 civitas
663 1085 683 1130 a
714 1084 793 1148 rege
817 1064 961 1128 Francia
992 1067 1027 1128 et
1050 1064 1177 1148 Anglie
1208 1067 1244 1128 et
1274 1065 1479 1137 ducenum).

243 1156 382 1220 Austrie
424 1155 468 1218 ad
514 1155 730 1220 dedicionem
769 1156 889 1218 coacta
935 1153 1080 1237 capitur.
1142 1153 1242 1217 Unde
1280 1173 1361 1237 rege

243 1244 387 1308 Francie
422 1247 457 1308 et
488 1244 575 1308 duce
605 1243 745 1307 Austric
774 1241 1038 1320 revertentibus,
1069 1262 1128 1307 rex
1158 1241 1284 1325 Anglie
1313 1261 1361 1306 re·

243 1334 371 1396 mansit
402 1335 437 1397 et
467 1335 587 1417 postea
617 1334 759 1415 accepta
782 1351 803 1395 a
827 1331 1025 1396 sarracenis
1048 1331 1195 1415 pecunia
1224 1330 1451 1395 Ascalo-1192.

242 1443 323 1486 nam
354 1422 530 1486 civitatem
560 1420 810 1485 nobilissimam
841 1421 1086 1484 devastandam
1117 1419 1264 1484 tradidit
1274 1418 1295 1497 1,
1327 1422 1450 1494 etam.)

199 1535 225 1573 ιο
243 1513 363 1594 postea
386 1511 501 1576 rediit.
548 1511 592 1574 In
616 1530 683 1592 quo
705 1528 864 1592 regressu
886 1512 990 1574 vento
1014 1509 1216 1592 impellente
1246 1509 1363 1572 navim

243 1620 360 1664 versus
382 1599 574 1676 Venetiam,
600 1599 729 1664 eiectus
753 1601 805 1662 est
829 1620 907 1663 cum
931 1599 1050 1682 paucis
1073 1598 1117 1661 ad
1141 1598 1225 1661 litus
1248 1598 1361 1660 maris.

243 1687 354 1767 Quem
377 1691 579 1772 persecutus
602 1707 715 1752 comes
734 1686 998 1770 Engelhardus²
1021 1690 1056 1751 et
1080 1708 1158 1751 cum
1182 1706 1222 1750 eo
1246 1706 1364 1769 pugna

243 1796 455 1862 congressus,
479 1776 599 1840 multis
622 1797 664 1841 ex
687 1779 785 1860 parte
807 1776 899 1860 regis
923 1777 1033 1860 captis
1056 1775 1111 1840 vel
1134 1775 1265 1851 occisis,
1289 1775 1363 1858 ipse

243 1865 328 1950 fuga
358 1866 474 1949 lapsus
507 1869 542 1932 et
573 1865 774 1930 vulneratus
805 1865 842 1928 in
871 1865 1060 1930 Stirensem
1089 1864 1278 1930 marchiam
1309 1865 1363 1928 de-

198 1977 226 2016 1⁶
244 1955 349 2019 venit.
410 1955 665 2019 Nichilominus
704 1958 739 2019 et
777 1953 908 2019 ibidem
945 1954 1121 2019 insecutus
1159 1975 1180 2017 a
1214 1953 1364 2036 quodam

245 2043 463 2108 ministeriali
486 2043 743 2126 Salzburgensis
773 2043 916 2128 ecclesie
940 2043 1115 2107 Friderico
1145 2042 1188 2106 de
1213 2041 1362 2118 Battum,

245 2132 318 2215 ipse
352 2132 490 2214 fugiens
521 2131 698 2195 Austriam
733 2152 811 2195 cum
845 2151 905 2196 sex
934 2135 1073 2195 tantum
1103 2130 1286 2195 comitibus
1316 2131 1364 2193 in-

243 2220 361 2284 travit.
407 2219 464 2284 Ibi
491 2223 612 2304 captus
641 2220 679 2282 in
709 2240 814 2304 parvo
843 2220 1021 2302 tuguriolo
1051 2239 1157 2303 prope
1187 2219 1489 2293 civitatemmmu.

247 2308 378 2385 Wiene‚
403 2329 424 2373 a
451 2309 539 2373 duce
562 2309 720 2392 Ldpoldo
749 2309 786 2372 in
817 2312 930 2373 castro
954 2308 1147 2373 Dirinstein
1177 2307 1364 2390 aliquantis

199 2421 227 2459 20
246 2397 366 2462 diebus
389 2398 553 2476 reclusus,
578 2397 721 2482 postea3
735 2397 887 2461 traditus
903 2401 956 2462 est
971 2397 1138 2462 Heinrioo
1153 2397 1363 2480 imperatori.
1373 2379 1464 2500 33331

246 2485 321 2564 Quo
344 2487 382 2550 in
406 2487 609 2570 captivitate
633 2488 776 2552 detento
800 2506 861 2570 per
884 2507 1015 2551 annum
1038 2490 1073 2552 et
1097 2485 1254 2570 amplius,
1281 2487 1365 2550 dum

244 2576 443 2641 libertatem
465 2577 503 2640 in
525 2577 673 2661 patriam
688 2577 857 2641 redeundi
872 2577 1079 2642 obtinuisset
1095 2596 1156 2661 per
1170 2576 1363 2660 pecuniam,

246 2665 378 2730 scilicet
413 2664 470 2729 eL
505 2666 602 2730 milia
635 2686 845 2742 marcarum,
883 2666 958 2749 ipse
991 2666 1080 2730 liber
1114 2668 1151 2731 et
1184 2665 1364 2730 absolutus
1374 2650 1460 2770 3113141

246 2753 374 2836 absque
393 2754 488 2818 omni
504 2754 680 2819 coactione
705 2756 829 2822 homo³
848 2754 964 2819 iactus
988 2758 1041 2820 est
1055 2754 1191 2839 imperii
1205 2753 1363 2829 Romani,
1442 2752 1446 2761 '

202 2863 228 2903 a
245 2844 322 2905 tota
344 2845 437 2907 terra
460 2862 523 2906 sua
547 2842 674 2926 Anglia
697 2846 732 2907 et
755 2843 833 2907 aliis
856 2844 959 2908 terris
988 2844 1136 2927 propriis
1164 2843 1366 2927 imperatori

247 2930 337 2994 datis
362 2934 397 2994 et
420 2930 463 2995 ab
487 2950 528 2995 eo
551 2932 588 2993 in
612 2930 777 2995 beneficio
800 2934 949 3014 receptis
957 2931 979 2994 ⁴.

354 3030 455 3091 Anno
479 3027 621 3091 Domini
636 3026 818 3091 MOXOII.
859 3028 1053 3111 Imperator
1075 3028 1261 3093 exercitum
1287 3042 1454 3096 cum1192.

248 3115 439 3180 Bettholdo
470 3117 512 3180 de
543 3115 837 3199 Kunegesberch⁵
866 3116 904 3179 in
927 3116 1091 3199 Apuliam
1120 3116 1224 3192 misit,
1257 3110 1363 3199 [ubil]

246 3204 452 3269 interiectus
475 3208 537 3269 est.
1376 3218 1453 3272 1193.

201 3419 229 3458 30
246 3414 267 3465 a)
286 3414 352 3453 homo
371 3417 491 3454 atrammto
505 3414 575 3462 paulo
593 3413 691 3461 uictuma
709 3423 814 3461 cuperem.
895 3414 918 3464 b)
936 3414 968 3453 tta
985 3424 1057 3453 mooun
1074 3423 1131 3452 mua
1147 3414 1238 3453 uiuam
1255 3413 1367 3461 suppleam

246 3468 285 3515 qui
302 3467 334 3507 ibi
352 3467 455 3507 Wlmana
468 3468 563 3516 coniecit,
577 3467 616 3506 ubi
630 3467 697 3506 etiam
714 3467 824 3509 Boehmer.

249 3642 275 3708 1)
291 3644 342 3695 Dio
355 3645 378 3700 1.
390 3644 551 3711 Septembric
563 3660 588 3699 a.
603 3646 681 3700 1192.
697 3651 807 3713 pactum
823 3646 921 3697 initum
933 3650 989 3708 θεὴ·
1006 3646 1049 3696 die
1060 3647 1085 3700 9.
1099 3644 1219 3697 Octobris
1230 3645 1367 3697 aearum

251 3713 365 3765 Terram
383 3715 511 3767 Sanctam
527 3716 652 3770 deceruit.
724 3715 752 3785 2)
771 3716 919 3768 Aumatium
937 3719 1039 3769 comita
1056 3716 1267 3782 Mopiuhardum
1284 3716 1325 3771 ΙΙ.
1343 3722 1367 3768 et

248 3783 437 3850 Euqalbatum
446 3786 504 3841 III.
514 3786 545 3839 do
555 3786 670 3839 Gustata
681 3788 712 3838 im
720 3802 805 3839 uuum
813 3788 965 3850 confudisse
976 3788 1080 3839 uidetur
1086 3804 1095 3846 ,·
1106 3793 1220 3839 mmmm
1231 3788 1264 3838 do
1272 3802 1368 3854 pugna

204 3866 231 3906 ec
248 3856 319 3906 iuter
336 3871 378 3908 acc
394 3862 419 3906 ot
436 3856 587 3908 Ricardum
604 3872 693 3923 repam
715 3859 785 3909 tutto
809 3858 876 3910 otiu
898 3858 972 3910 nitu
994 3859 1123 3912 traditur.
1214 3859 1242 3925 3)
1260 3857 1366 3924 Spirae,

248 3941 334 3977 mmm
346 3926 450 3979 Martio
467 3945 493 3982 a.
508 3930 587 3983 1133.
640 3927 668 3997 4)
687 3927 778 3981 Mense
789 3929 940 3982 Februario
951 3930 1020 3980 aaut
1031 3931 1108 3984 1194.
1121 3930 1152 3980 u'a
1163 3930 1242 3981 aurio
1253 3927 1368 3994 Μαρακ-

249 3998 308 4049 tina
325 3996 463 4050 suardus
485 3998 605 4050 hominio
625 4002 758 4065 praestito
776 3999 913 4052 absolutae
930 4006 983 4065 est,·
1007 4002 1041 4065 cf.
1060 3999 1151 4065 Bloch,
1170 3998 1368 4065 ‘Formianum

247 4083 302 4119 aar
313 4068 416 4121 Polou
427 4068 573 4121 Heinrich
589 4069 647 4125 1⁷1!
660 4086 691 4136 p.
704 4072 747 4125 76.
806 4069 834 4138 5)
853 4070 934 4123 Hauc
949 4070 1125 4123 Bmtboldmn
1143 4070 1258 4137 lopatum
1270 4070 1368 4122 Italiac

249 4146 272 4191 u
293 4142 410 4192 comitam
431 4140 542 4193 Tucciae
565 4140 614 4205 (cf.
633 4141 740 4206 auur,
761 4140 960 4208 ‘Forechuupou
984 4158 1037 4193 zur
1054 4140 1164 4193 Boioha-
1187 4140 1368 4193 1433331318-

204 4222 231 4262 so
247 4211 332 4276 occat.
358 4211 484 4264 Imltuu’
507 4211 548 4276 ΙΙ,
571 4228 601 4278 p.
628 4212 688 4266 143.
713 4214 775 4278 219,
802 4212 849 4263 udi
872 4216 951 4265 otium
975 4214 1007 4264 do
1032 4213 1170 4277 fratribus
1194 4213 1318 4275 Amotmo
1345 4218 1368 4263 ot

248 4281 412 4335 Bmcburdo
423 4284 530 4349 coitur)
542 4282 692 4335 Ancaeum
703 4283 813 4347 (Foutoo
823 4300 916 4335 raum
927 4284 1073 4349 Auuruc„
1085 4282 1134 4338 SS.
1145 4283 1177 4349 V,
1193 4301 1221 4351 p.
1237 4285 1282 4343 17)
1298 4284 1369 4333 iuter

249 4353 359 4405 Suscita
372 4354 527 4407 otAleottao
535 4353 635 4406 nobiles
646 4356 777 4409 nominat.
804 4355 921 4407 Fratres
931 4356 988 4407 eiua
997 4354 1152 4407 Auulmum
1161 4359 1186 4405 ot
1194 4354 1369 4406 Buram-dum

250 4421 284 4475 de
302 4422 495 4493 Kuniguberc
513 4426 543 4477 tu
562 4424 657 4477 tabula
681 4428 841 4478 moncatum·
856 4425 1093 4491 Hohouburymcu'c
1118 4426 1187 4478 onai
1205 4424 1281 4478 1189.
1307 4438 1368 4488 rep·

248 4498 369 4561 pem‘muo
386 4496 570 4561 (Pfistor‚.‘Lo
587 4494 673 4549 ouum
687 4494 865 4565 mtroviuyt‘ou
883 4496 1021 4549 d’Aleaoo'
1037 4515 1065 4565 p.
1085 4498 1146 4562 170,
1168 4511 1195 4548 u.
1215 4495 1278 4559 10)‚·
1299 4493 1369 4544 undo
