3284 5150
533 539 713 597 ANNALES
732 537 1022 597 MARBAGllNSES.
1301 541 1337 594 47

215 715 335 784 batur,
364 732 455 771 novo
479 717 558 788 regi
579 735 701 772 uxorem
725 717 866 786 pridem
891 716 1066 784 iunctam,
1092 700 1483 803 separaveruntffl'jfffff·

215 786 343 855 Dumque
369 791 433 856 post
458 788 509 842 hec
537 788 566 842 in
591 789 843 858 Madeburgensem
867 790 897 842 et
920 787 1053 856 quosdam
1078 787 1145 842 alios
1172 787 1337 841 sententiam

216 857 288 912 ferre
315 859 477 928 cogitarent,
505 876 521 912 a
548 876 634 930 rege
664 859 775 914 inhibiti
802 862 831 913 et
857 858 893 912 ad
918 858 1030 928 propria
1055 858 1147 913 redire
1173 857 1239 912 iussi
1265 861 1336 915 sant.

324 927 458 983 Eodem
494 931 604 984 anno¹
634 929 766 1001 Eugenio
802 947 874 999 papa
905 947 946 985 ex
979 929 1031 983 hac
1066 930 1129 983 luce
1165 929 1464 997 translato,o.11,1o.

186 1016 199 1056 c
217 999 391 1053 Anastasius
410 1000 501 1055 sedem
520 1001 665 1071 recepit.

323 1070 409 1140 Ipso
440 1073 550 1126 etiam
585 1077 749 1142 tempore
779 1088 906 1141 magna
942 1069 1015 1125 fuit
1045 1071 1231 1126 controversia
1265 1069 1450 1131 interturia.

216 1140 382 1196 Heinricum
406 1142 531 1198 ducem
557 1142 717 1198 Saxonie
742 1145 770 1198 et
794 1141 959 1196 Heinricnm
982 1141 1085 1196 lilium
1106 1141 1241 1212 Leopaldi
1265 1159 1337 1195 mar·

218 1212 323 1267 chionis
341 1213 494 1269 Austrie
512 1232 576 1284 pro
595 1214 696 1269 Norico
724 1213 825 1268 ducatu
850 1213 1141 1270 decertantibus.
1178 1211 1279 1268 Unde
1303 1217 1339 1267 et

217 1284 295 1354 regi
313 1300 439 1354 magna
457 1289 516 1340 erat
534 1286 665 1354 anxietas,
683 1285 802 1354 qualiter
819 1284 938 1351 litem,
955 1301 1024 1354 quae
1042 1285 1114 1338 inter
1133 1283 1212 1338 eina
1227 1301 1338 1338 carnem

173 1373 200 1412 ιο
218 1359 246 1409 et
263 1356 433 1426 sanguinem,
450 1356 481 1410 id
499 1361 540 1410 est
551 1355 716 1411 Heinricum
733 1359 865 1426 patruum
882 1373 962 1409 suum
981 1360 1009 1409 et
1026 1355 1191 1410 Heinricum
1209 1355 1338 1409 avunculi

218 1425 260 1479 sui
285 1425 388 1494 filium,
415 1425 629 1498 [agitabaturbh
655 1428 714 1482 sine
740 1427 880 1498 sanguinis
907 1426 1040 1481 effusione
1065 1427 1209 1481 terminari
1258 1430 1337 1481 osset.

217 1497 284 1551 Fuit
313 1515 431 1566 namque
458 1497 606 1552 Heinricus
637 1498 708 1553 dux
734 1497 893 1554 Saxonis
919 1496 1045 1552 Heinrici
1073 1497 1213 1566 quondam
1271 1497 1338 1552 orici

179 1603 181 1607 ,
218 1568 295 1622 ducis
313 1567 393 1639 filius,
413 1586 495 1638 quem
514 1568 655 1624 cunradus
673 1587 723 1623 rex
740 1568 894 1623 aBawaria
912 1569 1030 1623 eiectum
1048 1568 1078 1622 in
1089 1567 1209 1623 Saxonis
1226 1584 1339 1622 manere

219 1641 403 1709 compulerat,
434 1640 619 1710 ducatumque
648 1640 733 1710 ipsius
763 1641 884 1709 primum
913 1639 1071 1708 Leopaldo,
1108 1640 1273 1694 marchionis
1304 1642 1339 1693 et

174 1727 200 1766 rs
218 1711 398 1780 Agnetis²
422 1710 493 1781 filio,
520 1728 552 1766 ac
577 1711 677 1766 deinde
701 1710 780 1766 fratri
804 1711 888 1780 ipsius
913 1710 977 1765 huic
1001 1709 1135 1765 Heinrico
1160 1713 1337 1766 concesserat.

217 1781 281 1836 Rex
308 1799 373 1852 ergo
398 1782 550 1851 predictam
574 1783 652 1838 litem
676 1782 778 1838 iudicio
803 1784 847 1837 rel
872 1783 986 1837 consilio
1011 1781 1151 1837 decisurus
1176 1781 1286 1850 utrique
1309 1781 1339 1834 in

218 1853 329 1907 civitate
346 1852 494 1923 Herbipoli
512 1855 616 1908 curiam
633 1853 752 1925 prefigit.
789 1853 851 1923 Quo
876 1853 943 1908 dum
961 1854 1040 1922 alter,
1064 1853 1094 1908 id
1119 1857 1161 1908 est
1177 1850 1339 1907 Heinricus

218 1923 295 1977 ducis
322 1923 408 1993 filius,
436 1924 555 1993 veniret,
584 1926 654 1980 alter
680 1942 709 1980 se
736 1925 917 1981 absentavit.
961 1924 1029 1994 Qui
1055 1925 1156 1978 iterum
1183 1927 1212 1978 st
1238 1925 1339 1978 iterum

218 1999 339 2050 vocatur.
376 1994 499 2066 Igitur
517 2013 595 2067 rex,
613 1996 680 2050 dum
698 1996 754 2050 iam
772 2013 823 2065 per
839 1995 983 2050 biennium
1001 1996 1037 2049 ad
1061 1995 1241 2050 decidendam
1261 1995 1339 2049 litem
1348 2005 1378 2046 o.
1388 2005 1423 2054 11,
1434 2005 1467 2045 11.

173 2083 201 2122 ao
219 2066 336 2120 duorum
353 2066 510 2135 principum
522 2084 557 2121 ex
574 2067 797 2136 propinquitate0
815 2084 863 2120 san
902 2067 955 2120 inis
971 2070 1028 2120 tam
1045 2065 1169 2119 affinium
1182 2067 1339 2133 laborasset,

218 2135 329 2190 tandem
339 2136 450 2190 alterius
462 2137 592 2190 instantia
601 2137 647 2206 qui
656 2138 685 2190 in
693 2085 1070 2206 patemamdffiredintemd
1081 2135 1200 2206 [radbod
1210 2136 1341 2206 cupiebat

218 2206 313 2275 flexus,
331 2207 492 2263 imminente
510 2208 594 2263 etiam
612 2208 663 2262 sibi
681 2207 864 2277 expeditionis
881 2208 993 2332 laborek
1010 2223 1079 2276 qus
1095 2207 1206 2263 Rome
1231 2206 1341 2275 imperii

220 2295 356 2332 coronam
386 2279 612 2349 accepturus³
642 2282 734 2347 erat,
770 2279 800 2332 in
830 2296 885 2347 qua
918 2295 972 2333 eun
991 2295 1037 2333 em
1065 2279 1193 2333 iuvenem
1222 2279 1341 2332 militem

219 2349 377 2418 sociumque
406 2351 451 2405 vie
480 2350 582 2404 habere
613 2349 719 2420 debuit,
750 2349 835 2404 finem
865 2349 977 2421 negotio
1008 2350 1150 2420 imponere
1180 2350 1339 2420 cogebatur.

174 2436 202 2476 ao
218 2419 338 2474 Proinde
356 2421 385 2474 in
404 2420 505 2490 oppido
522 2420 642 2476 Saxonie
655 2421 801 2476 Gosla*rie
819 2421 924 2475 curiam
943 2421 1083 2476 celebrans
1105 2425 1234 2492 utrosque
1257 2420 1447 2486 ducesrmae‘.

219 2490 290 2545 datis
313 2491 409 2548 edictis
435 2493 573 2563 evocavit3
595 2493 644 2547 ubi
669 2492 735 2547 dum
761 2492 849 2548 altero
874 2492 1001 2548 veniente
1026 2493 1096 2547 alter
1120 2510 1149 2548 se
1174 2494 1339 2559 absentaret,

219 2562 319 2619 iudicio
337 2563 494 2634 principum
512 2564 599 2636 alteri,
624 2564 653 2618 id
678 2567 719 2620 est
737 2563 858 2620 Saxonie
882 2560 978 2633 duae,
1003 2563 1128 2619 Bawarie
1153 2563 1267 2619 ducatus
1292 2564 1340 2619 ad·

219 2635 363 2692 iudicatur.
400 2635 521 2705 Itaque
538 2635 715 2691 Friderico
735 2638 941 2706 imperatore
960 2636 1064 2705 facto,
1083 2639 1159 2706 post
1177 2635 1339 2690 circulum

220 2707 299 2759 anni
326 2706 555 2762 ordinationis
582 2708 656 2763 sue‘
680 2708 868 2777 Ratispouam
891 2708 996 2779 venit,
1023 2712 1153 2777 patruum
1177 2706 1466 2773 Heinricumaaaa.

175 2792 203 2831 so
221 2777 406 2846 alloquitur,
431 2776 466 2830 ad
487 2780 701 2833 transactionem
720 2795 783 2832 cum
808 2777 895 2832 altero
913 2777 1048 2833 Heinrico
1073 2779 1163 2833 duce
1181 2778 1340 2834 Saxonie

220 2846 374 2901 faciendam
401 2852 468 2901 tunc
495 2849 606 2903 demum
633 2849 784 2906 inclinavit.
830 2846 965 2903 Summaf
994 2854 1086 2905 autem
1114 2850 1262 2905 concordie
1289 2849 1424 2916 boccan,
1434 2864 1468 2905 oo.

220 2916 234 2971 f
239 2917 308 2971 uit:
337 2916 484 2972 Heinricus
514 2920 602 2972 maior
630 2924 697 2973 natu
731 2920 883 2973 ducatumss
913 2920 1037 2975 Bawarie
1069 2938 1120 2990 per
1146 2920 1207 2975 VH
1239 2919 1341 2975 vexilla

219 2988 384 3057 resignavit;
412 2988 556 3060 [quibust]
581 2988 682 3042 iuniori
708 2988 825 3056 traditis,
849 2990 897 3044 ille
925 2990 1031 3043 dnobus
1054 2990 1162 3044 vexillis
1188 2991 1340 3045 marchiam

220 3057 411 3115 Orientalemh
427 3076 490 3113 cum
509 3059 684 3114 comitatibus
702 3060 737 3115 ad
756 3076 817 3115 eam
830 3078 865 3115 ex
876 3060 989 3129 antiquo
1000 3061 1200 3130 pertinentibus
1210 3061 1340 3115 reddidit.

175 3146 202 3185 as
221 3128 330 3185 Exinde
349 3130 383 3185 de
402 3129 499 3185 eadem
518 3130 641 3185 marchia
658 3148 722 3185 cum
739 3131 870 3202 predictis
888 3132 1063 3185 comitatibus
1080 3148 1149 3199 quos
1166 3135 1222 3186 tres
1246 3131 1341 3184 dicunt

220 3201 322 3256 iudicio
340 3201 496 3271 principum
515 3201 646 3256 ducatum
664 3200 730 3256 fecit
748 3218 866 3271 eumque
883 3219 941 3256 non
958 3204 1047 3257 solum
1064 3202 1124 3270 sibi,
1148 3201 1195 3257 sed
1214 3205 1243 3256 et
1260 3201 1342 3255 uxori

221 3289 284 3326 cum
303 3272 409 3327 duobus
427 3272 534 3327 vexillis
553 3272 675 3344 tradidit,
694 3288 764 3328 nere
781 3274 811 3327 in
829 3276 970 3342 posterum
988 3274 1023 3327 ab
1042 3273 1134 3343 aliquo
1155 3289 1340 3327 successorum

220 3361 331 3399 suorum
349 3344 451 3398 mutari
468 3348 561 3413 poseat
579 3348 627 3398 aut
645 3343 767 3415 infringi,
785 3345 932 3415 privilegio
957 3343 1137 3401 confirmavit.
1180 3345 1253 3399 Acta
1276 3347 1342 3399 sunt

221 3432 292 3469 anno
310 3414 390 3485 regni
408 3414 465 3470 eius
478 3415 513 3483 V,
533 3416 641 3484 imperii
659 3413 699 3472 H.

175 3514 203 3553 ac
327 3498 428 3573 Igitur
465 3486 653 3572 Hleinricus]
694 3499 758 3556 dux
796 3498 931 3557 Saxonie
969 3502 1001 3556 et
1038 3500 1195 3569 Bawarie,
1242 3498 1340 3573 prius·

222 3603 317 3660 quam
339 3590 467 3661 patrum
490 3604 620 3645 suornm
643 3587 676 3645 in
700 3588 844 3647 Bawaria
867 3588 1037 3663 recepisset
1059 3589 1178 3657 aedem,
1207 3588 1342 3645 duxerat

221 3742 244 3793 s)
258 3752 297 3783 eos
310 3754 329 3783 c.
392 3742 416 3791 b)
429 3744 486 3783 dean
501 3754 519 3784 c.
584 3743 605 3795 c)
618 3744 785 3794 proplngultate
799 3756 818 3785 a.
882 3745 1016 3838 typumi-na
1030 3743 1156 3785 hereditate
1170 3755 1214 3793 qua
1228 3745 1298 3785 Rome
1314 3755 1341 3794 a,

222 3796 260 3834 ubl
272 3793 348 3835 redire
356 3816 382 3825 -
391 3796 468 3836 labore
481 3797 571 3845 (laeam
584 3806 687 3846 morem,
701 3798 739 3847 qut
751 3799 797 3837 elne
810 3799 875 3839 datto
897 3798 981 3838 tbrcsao
995 3798 1149 3847 aasumensi,
1164 3809 1206 3837 son
1221 3798 1343 3838 caroniam

222 3848 400 3897 unsaramma
413 3850 566 3890 &merarius
578 3854 616 3900 sat,
631 3861 658 3890 aa
672 3850 755 3891 ostona
764 3851 835 3890 orata
845 3853 908 3895 mo.
918 3851 954 3902 ΙΙ,
969 3864 988 3892 c.
999 3853 1033 3891 11.
1047 3851 1164 3891 emmona.
1219 3852 1240 3902 e)
1249 3849 1313 3891 ducis
1322 3862 1341 3891 e.

176 3901 205 3942 45
223 3902 290 3950 nme
303 3902 327 3939 in
340 3902 437 3950 maraine
450 3912 517 3942 novae
530 3902 599 3943 tincae
612 3906 685 3944 radan
699 3915 765 3943 manu
779 3905 831 3947 add.
887 3905 908 3955 g)
923 3906 1005 3946 ducatu
1020 3916 1038 3946 c.
1091 3904 1115 3956 h)
1130 3894 1255 3944 deterrlche
1269 3904 1343 3943 cadom

222 3966 288 3994 manu
300 3965 408 4003 mser,

223 4078 250 4149 1)
269 4080 356 4133 Immo
373 4080 418 4132 bic
434 4094 489 4133 aon
506 4080 538 4132 da
555 4097 581 4135 a.
601 4082 679 4148 1152,
699 4082 745 4135 aad
762 4083 820 4133 tom
837 4082 870 4134 ds
890 4097 962 4134 anno
980 4083 1059 4138 1153.
1076 4082 1178 4149 apocr.
1251 4083 1279 4148 2)
1301 4081 1342 4147 Of.

222 4166 308 4219 supra
325 4168 352 4218 p.
365 4153 410 4218 42,
427 4150 443 4206 l.
457 4152 500 4207 24.
566 4150 594 4221 3)
615 4150 717 4205 Ortona
730 4153 811 4205 Gesta
823 4153 902 4207 Μ.
915 4153 954 4217 II,
971 4169 992 4209 c.
1003 4156 1032 4209 7:
1050 4169 1101 4221 pro
1117 4168 1219 4207 corona
1234 4150 1344 4221 imperii

223 4220 389 4290 accipienda
421 4222 464 4288 Of.
483 4223 578 4275 tbs'dam
593 4223 618 4289 I,
636 4238 657 4278 a.
670 4225 713 4279 70.
731 4224 763 4276 de
776 4224 897 4277 cruram
907 4224 963 4279 ΙΙΙ.
980 4226 1152 4292 espedita'ona,
1164 4241 1219 4293 quo
1235 4222 1344 4292 imperii

177 4305 206 4346 so
223 4309 354 4347 coronam
366 4295 527 4363 accepturus
539 4296 617 4348 esset.
671 4294 866 4360 afflatam
877 4296 1094 4353 dalamantia.
1105 4300 1183 4354 1155.
1195 4298 1345 4365 imperator

223 4371 365 4418 mronatua
375 4370 420 4421 sat.
451 4366 543 4419 Merrae
553 4365 635 4417 lunio
645 4370 670 4417 at
681 4380 767 4418 meaa
778 4366 924 4436 Saptanbm'
935 4382 961 4423 o.
976 4368 1054 4423 1156.
1066 4368 1230 4436 Ratsepoaac
1241 4368 1273 4419 da
1284 4382 1344 4420 con·

223 4437 316 4559 grae
340 4450 400 4489 arm
419 4436 548 4491 flamm
571 4436 635 4489 aaa
659 4436 794 4491 swam
818 4438 965 4505 mortua·
988 4440 1023 4504 cf.
1043 4438 1146 4492 ortona
1165 4441 1246 4492 aaa
1264 4437 1343 4492 rna.

255 4545 264 4573 ,
288 4522 308 4563 c.
327 4509 371 4564 47.
396 4508 439 4565 54.
