3284 5150
252 496 433 554 ANNALES
450 496 772 553 ARGENTINENSES
790 496 981 553 FRATRUM
999 495 1230 559 PRAEDIOAT.
1284 504 1336 559 125

216 687 246 747 et
274 680 512 747 continuatione
539 680 683 760 fratrum
705 678 968 745 Praedicatorum
997 688 1167 747 conuentus
1187 683 1337 765 Arpeuti·

215 769 325 836 nenas
348 769 507 836 coniuncti
528 769 662 849 fuerint.

323 867 460 933 Fratres
482 866 609 932 ordinis
630 888 657 932 s.
680 866 856 949 Dmninici,
879 866 936 949 qui
962 888 993 931 a.
1020 873 1116 932 1224.
1139 868 1336 935 mundonem

216 963 307 1023 entra
340 977 447 1022 muros
476 955 616 1021 ciuitatis
643 976 743 1039 prope
772 955 933 1021 ecclesiam
966 977 992 1020 s.
1022 955 1230 1023 Elisabetbae
1262 958 1336 1023 obti-

185 1052 363 1128 snuerant,
388 1068 419 1111 a.
438 1050 534 1111 1251.
554 1065 649 1111 areas
667 1044 761 1125 infra
778 1064 887 1110 muros
905 1066 970 1109 non
988 1045 1078 1128 lonae
1100 1068 1123 1111 a
1144 1047 1335 1112 monasterio

217 1136 252 1202 S.
276 1134 411 1201 Mariae
440 1133 534 1201 donis
562 1139 592 1199 et
620 1133 828 1215 emptionibus
856 1133 1075 1215 acquisierunt
1102 1140 1132 1200 et
1159 1134 1207 1200 ibi
1237 1136 1337 1201 annis

215 1224 414 1307 sequentibus
437 1224 610 1289 obtustrum
632 1229 661 1287 et
683 1222 844 1288 ecclesiam
866 1228 1119 1288 construxerant.
1164 1223 1242 1289 Iitis
1264 1230 1335 1290 tem-

209 1313 353 1396 poribus,
378 1312 466 1378 circa
488 1310 785 1396 annum1252f53,
809 1311 971 1393 exemplar
988 1311 1171 1378 Annalium
1187 1313 1336 1396 Arcenti-

215 1401 362 1467 nensium
384 1400 544 1465 minorum
567 1422 589 1465 a
611 1402 746 1482 quodam
768 1400 874 1480 fratre
897 1420 1005 1466 rerum
1027 1400 1253 1467 historicarum
1275 1409 1305 1467 st
1326 1438 1335 1448 ·

173 1520 198 1561 ιο
216 1490 313 1573 diosa,
337 1489 415 1556 abiis
438 1488 572 1570 omissis,
596 1488 674 1555 abiis
692 1488 871 1570 contractis,
895 1488 1138 1572 transscriptum
1160 1497 1191 1556 et
1211 1490 1336 1573 quibus-

215 1582 290 1646 dmn
312 1578 539 1645 additamentis
562 1601 594 1644 a.
621 1584 861 1644 1224-1251.
885 1584 1012 1644 auctum
1035 1585 1088 1660 est,
1112 1599 1194 1661 quae
1209 1580 1335 1661 partim

216 1667 359 1733 ordinem
381 1688 406 1733 s.
424 1666 590 1733 Dominici
612 1674 641 1732 et
664 1673 846 1733 conuentum
869 1666 938 1733 mres
953 1667 1218 1750 Arpentinensom
1240 1668 1336 1752 respn-

216 1756 311 1839 ciunt,
336 1756 461 1839 partim
483 1770 535 1821 res
561 1756 637 1821 inde
659 1758 699 1821 ab
722 1777 809 1822 anuo
836 1762 931 1821 1240.
953 1762 1059 1840 postas
1080 1756 1250 1823 memoriae
1272 1764 1335 1823 tra-

215 1846 303 1911 dunt.
349 1845 441 1911 Haec
464 1868 486 1910 a
507 1845 667 1925 fratribus
689 1844 973 1911 Praedicatoribus
995 1847 1036 1911 ab
1065 1868 1097 1911 a.
1120 1852 1215 1911 1252.
1238 1867 1336 1929 usque

172 1960 198 2001 ιε
215 1936 260 2000 ad
274 1957 305 2000 a.
324 1940 419 2000 1261.
439 1955 501 2016 per
522 1933 664 2017 sinputos
681 1935 750 2014 fere
773 1955 877 2000 annos
900 1934 1085 2000 continuata
1107 1941 1200 2018 sunt;
1222 1935 1336 2001 debinc

209 2045 318 2107 pauca
340 2025 385 2089 od
406 2045 437 2088 a.
464 2028 561 2088 1267.
588 2029 683 2089 1275.
707 2022 875 2089 subiuncta
897 2044 962 2089 esse
984 2023 1141 2089 ridentur.

321 2120 372 2187 Hi
394 2121 542 2187 Annales
563 2120 813 2204 Arpentinenses
837 2122 981 2201 fratrum
1003 2121 1268 2188 Praedicatorum
1291 2157 1334 2168 —

215 2208 320 2276 nesab
343 2230 402 2292 quo
424 2212 515 2275 modo
543 2230 601 2275 nec
622 2230 682 2291 quo
711 2231 798 2275 anno
828 2243 873 2255 —
902 2211 948 2275 od
968 2210 1097 2277 abacos
1126 2211 1333 2292 transierunt,

215 2297 272 2381 qui
293 2298 493 2364 Ebteubardo
522 2319 637 2381 mapno
667 2305 793 2364 auctore
823 2305 852 2364 et
874 2301 951 2365 duce
976 2299 1115 2364 studium
1143 2321 1250 2365 rerum
1279 2321 1336 2365 suo

171 2410 198 2451 so
215 2394 350 2470 tempore
369 2394 530 2471 postorum
552 2389 725 2453 navabant.
778 2387 843 2455 Ubi
871 2389 1036 2470 nonnulla,
1064 2387 1131 2454 nisi
1152 2389 1261 2471 failor,
1292 2391 1337 2455 ad

215 2499 246 2542 a.
273 2482 368 2543 1268.
396 2482 491 2541 1279.
518 2483 614 2542 1282.
642 2481 737 2541 1288.
761 2476 875 2542 addita
897 2483 980 2542 sunt.

321 2576 377 2641 Ita
409 2577 531 2656 factum
565 2581 626 2656 est,
661 2581 697 2640 ut
729 2598 760 2641 a.
795 2581 890 2640 1290.
926 2575 1049 2642 libedus
1082 2598 1121 2643 ea
1149 2577 1335 2644 Annalibus
1429 2630 1432 2635 .

214 2663 390 2730 minoribus
414 2670 500 2730 ortus
527 2671 557 2730 et
585 2663 740 2746 auspiciis
765 2665 907 2745 fratrum
930 2665 1195 2733 Praedicatorum
1223 2673 1335 2732 auctus

214 2754 251 2818 in
272 2752 500 2818 monasterium
515 2753 750 2837 Arpeutinense
772 2755 898 2835 rediret,
921 2756 1006 2820 unde
1024 2755 1242 2838 antiquissimi
1260 2755 1333 2821 cici·

170 2863 197 2905 n
215 2841 290 2908 tatis
319 2842 465 2908 Annales
494 2848 568 2908 ante
598 2863 697 2907 unum
727 2848 756 2908 et
784 2842 953 2908 dimidium
981 2845 1050 2924 fere
1080 2845 1238 2910 saeculum
1272 2843 1335 2909 orti

214 2938 315 2996 mant.
355 2931 502 3014 Mapnus
527 2929 611 2997 enim
635 2931 863 3013 Edenbardus,
887 2939 1081 3014 procurator
1102 2932 1248 3012 fabricae
1270 2933 1333 2998 Ar·

213 3019 409 3102 pentinensis
423 3019 619 3100 monasterii,
636 3019 783 3085 Annales
796 3021 939 3100 fratrum
954 3020 1219 3086 Praedicatorum
1236 3042 1333 3103 usque

216 3110 260 3174 od
273 3131 304 3175 a.
324 3114 418 3174 1288.
438 3110 607 3191 perductos
628 3107 666 3173 iu
681 3108 785 3174 codice
805 3109 897 3175 iussu
919 3130 976 3175 suo
991 3108 1165 3191 conscripto
1181 3115 1210 3174 et
1222 3116 1333 3191 postea

215 3199 260 3263 ad
289 3196 475 3283 hospitalem
505 3199 629 3263 dmnum
663 3198 821 3263 translato
850 3198 1068 3264 exscribendos
1096 3197 1239 3280 ouraoit;
1272 3219 1333 3280 qno

172 3314 199 3356 n
215 3288 361 3370 coempto,
390 3286 443 3352 oui
464 3286 575 3352 tertius
600 3285 736 3368 scriptor
757 3289 912 3371 quaedam
942 3308 972 3352 a.
999 3293 1235 3352 1292-1297.
1265 3288 1333 3352 sab·

214 3375 331 3458 iunnit,
355 3375 491 3442 annales
512 3374 563 3441 idi
586 3376 631 3441 ad
652 3381 762 3440 nostra
784 3382 925 3458 tempora
939 3382 1163 3460 pnoenerunt.

322 3474 389 3540 His
414 3473 565 3555 omnibus,
596 3494 686 3555 quae,
716 3479 752 3538 ut
780 3473 962 3540 accuratius
984 3475 1166 3556 probarem,
1196 3474 1234 3541 in
1256 3495 1333 3541 com·

215 3562 371 3627 montorio
393 3584 520 3646 operam
543 3563 625 3644 dedi,
655 3583 691 3628 re
718 3583 794 3628 uera
820 3563 893 3642 fata
914 3563 1095 3628 Annalium
1122 3563 1281 3629 minorum
1304 3570 1334 3630 et

212 3650 401 3734 praesertim
430 3651 571 3731 fratrum
597 3650 862 3717 Praedicatorum
889 3652 1047 3718 recenseri
1078 3651 1153 3717 inde
1181 3653 1331 3736 sequitur,

173 3763 199 3806 u
217 3741 301 3821 quod
321 3739 454 3823 uestipia
476 3739 609 3806 alterius
631 3739 821 3823 cuempiams
848 3739 939 3805 iilius
961 3740 1060 3806 libelii
1088 3740 1126 3806 in
1147 3741 1334 3807 Annalibus

223 3827 490 3894 Ocimariensibus
502 3828 679 3894 minoribus
690 3828 984 3896 animadvertimus.
1007 3829 1333 3895 Frateriibeordinis

217 3937 242 3982 s.
273 3915 439 3982 Dominici
472 3917 700 3984 Ocimariensis
733 3920 778 3984 ad
805 3920 896 3984 breue
929 3919 1109 4002 mnium
1142 3939 1234 3983 suum
1264 3938 1332 3984 con·

214 4007 387 4090 parendum
413 4012 545 4088 praeter
578 4005 854 4073 Continuationem
888 4009 1143 4090 Neoburpensem
1179 4006 1333 4074 bronna

216 4094 499 4178 Habenburpensis
520 4097 668 4162 Annales
688 4097 940 4181 Arpentinenses
966 4097 1108 4176 fratrum
1130 4095 1333 4164 Praedicato-

172 4209 199 4250 ιο
215 4205 288 4250 rum
310 4190 423 4250 nactus
445 4184 485 4248 ab
507 4206 594 4250 anno
615 4192 709 4251 1211.
732 4206 830 4268 usque
852 4188 898 4252 ad
918 4208 949 4250 a.
969 4190 1064 4251 1260.
1088 4184 1287 4268 exscripsit1.

217 4396 244 4463 1)
265 4395 309 4462 Cf.
327 4397 544 4450 commutarium
563 4396 582 4448 t.
601 4411 621 4451 c.
641 4395 659 4465 ξ
677 4397 703 4452 4.
