3284 5150
474 553 656 611 ANNALES
674 551 967 614 MARBAOENSES.
1247 563 1283 616 88

161 735 328 790 confusionis
352 735 459 804 accepit
482 734 675 803 nomenquc¹
693 733 806 787 sortitur
830 733 1003 802 imperatoris
1022 737 1050 788 et
1069 735 1184 806 augusti.
1220 734 1283 790 Mo·
1293 747 1429 790 emam.

160 808 274 862 rebatur
292 809 384 861 autem
402 807 431 860 in
449 805 629 860 Lateranensi
647 803 750 874 palatio
769 821 832 858 cum
849 803 1012 859 Rauennate
1030 823 1080 859 suo
1102 823 1154 861 nec
1177 823 1195 860 a
1216 806 1430 863 fide-amoos

160 878 232 932 libus
250 893 322 947 pape
340 893 391 946 par
414 877 553 931 civitatem
578 875 614 929 sd
632 874 765 930 Sanctum
784 874 899 929 Petrum
923 877 1039 931 transire
1063 878 1283 947 permittebatur.

161 948 224 1018 Qui
241 948 271 1002 in
289 948 411 1017 paschali
430 947 583 1002 ebdomada
601 945 696 1001 fideles
715 946 860 1016 apostolici
878 947 951 1001 bello
970 964 1130 1018 aggressrm
1155 948 1184 1003 in
1211 950 1284 1019 ipsa

128 1019 354 1090 scongressione
371 1017 424 1073 XL
443 1036 477 1072 cx
496 1019 550 1072 suis
572 1017 708 1087 perdidit3
736 1034 771 1072 ex
797 1020 877 1086 parte
905 1022 998 1072 autem
1025 1019 1206 1089 apostolici
1232 1037 1285 1076 nec

161 1107 231 1144 unus
257 1089 363 1144 cecidit.
400 1089 551 1143 Audiens
579 1092 688 1143 autem
715 1083 856 1143 thertus
874 1087 1033 1143 wiscardus
1061 1090 1118 1144 dux
1135 1090 1284 1145 Nortman·

161 1177 270 1228 norum,
289 1159 375 1228 quod
393 1159 575 1214 Heinricus
593 1162 713 1214 contra
731 1159 956 1228 apostolicum
973 1159 1093 1215 Romam
1112 1162 1284 1232 ingressus

163 1231 296 1299 fuisset,
323 1235 427 1285 armata
445 1247 529 1284 manu
554 1231 728 1285 civitatem
752 1229 853 1284 invasit
869 1229 1020 1300 fugatoque
1038 1231 1171 1287 Heinrico
1196 1237 1284 1287 totam

163 1303 261 1357 urbem
279 1319 349 1371 pape
366 1302 498 1357 rebellem
517 1301 686 1370 expoliavita
702 1305 730 1354 et
747 1301 881 1356 maiorem
898 1304 1006 1371 partem
1025 1304 1034 1355 i
1073 1321 1089 1358 e
1107 1304 1283 1375 consumpsit.

116 1391 144 1430 ιο
163 1372 269 1428 Deinde
287 1374 404 1442 acceptis
422 1371 561 1427 obsidibus
579 1371 739 1427 aRomanis
757 1371 832 1426 etin
851 1372 938 1425 domo
951 1372 1010 1427 The
1063 1374 1113 1429 rici
1130 1375 1284 1446 reservatis,

161 1445 220 1514 ipse
248 1444 282 1497 ad
309 1443 526 1514 recuperandam
553 1446 656 1496 terram
680 1443 766 1496 sancti
790 1442 867 1497 Petri
895 1459 958 1497 cum
985 1461 1058 1513 papa
1086 1444 1222 1515 Gregorio
1250 1446 1284 1500 de

162 1515 252 1570 Roma
279 1515 430 1570 exercitum
457 1513 552 1582 movit,
579 1514 680 1568 iterum
697 1512 816 1568 Romam
842 1513 969 1568 infesto
994 1515 1081 1569 sancti
1098 1515 1176 1570 Petri
1193 1534 1284 1571 rever·

162 1604 249 1643 surus.
285 1585 321 1640 Iu
347 1586 426 1641 brevi
452 1590 546 1640 autem
567 1585 688 1655 plurima
706 1585 817 1639 castella
836 1587 864 1638 et
882 1584 1004 1639 civitates
1023 1585 1135 1642 domino
1152 1604 1224 1656 papa
1242 1605 1285 1643 rc·

163 1658 312 1727 cuperarit,
340 1656 487 1711 Heinricus
515 1659 608 1710 autem
626 1649 772 1710 thberto
799 1655 926 1710 resistere
953 1672 1009 1710 non
1027 1658 1120 1711 valens
1139 1658 1175 1712 ad
1192 1662 1284 1727 partes

117 1744 144 1784 is
163 1729 397 1784 Theutonicorum
415 1727 528 1782 redire
553 1727 779 1796 compellitur.
816 1726 952 1780 Dominus
970 1732 1063 1782 autem
1080 1745 1153 1798 papa
1171 1729 1286 1784 collecta

163 1800 266 1869 synodo
279 1799 387 1855 Salerni
404 1799 505 1853 iterum
518 1798 682 1853 sententiam
701 1797 882 1852 anathematio
900 1799 929 1851 in
940 1797 1105 1853 Heinricum
1121 1803 1149 1854 et
1161 1798 1285 1855 Gwiber·

163 1875 222 1924 tum
250 1874 279 1924 et
305 1871 334 1924 in
362 1887 457 1924 omncs
483 1869 604 1923 fautores
631 1885 727 1924 eorum
753 1869 863 1938 promul
899 1869 947 1925 vit.
990 1868 1093 1939 Quam
1120 1870 1285 1926 sententiam

163 1941 249 2012 ageli
275 1941 346 1995 sedis
374 1942 531 2010 apostolice,
558 1940 687 1994 videlicet
714 1939 813 1994 Petrus
831 1939 869 1992 Al
890 1939 997 1994 anensis
1020 1942 1049 1994 iu
1067 1941 1192 2013 Francia
1218 1942 1284 1997 Otto

164 2012 295 2067 Ostiensis
321 2012 463 2081 episcopus
488 2011 516 2065 in
541 2015 615 2065 tarra
636 2011 880 2079 Theutonicorum,
903 2027 1099 2080 usquequaque
1123 2014 1286 2083 promul·

118 2099 145 2138 so
184 2086 335 2137 avarunt.
379 2082 510 2136 Ostiensis
538 2083 629 2151 etiam,
657 2098 721 2135 cum
745 2081 781 2134 iu
803 2081 975 2135 Alemannis
1002 2087 1165 2152 moraretur,
1192 2089 1286 2138 sancte

163 2101 366 2208 homeritensi
407 2153 520 2207 cclesias
546 2153 602 2206 iam
629 2151 733 2205 dudum
758 2151 869 2206 viduato
887 2152 1053 2207 catholicum
1071 2154 1210 2209 ordinavit
1228 2156 1286 2225 [ps-

163 2169 516 2350 {orembptlebehardum
533 2222 622 2276 tilium
640 2220 807 2292 B[artholdi]
828 2223 965 2292 supral
988 2224 1185 2279 nominati
1210 2225 1286 2280 ducis

203 2311 290 2349 arin
321 2310 364 2351 ie.

271 2381 398 2438 modom
426 2382 527 2437 anim8
557 2369 777 2434 Theobaldus
808 2369 1072 2453 Argentinensis
1105 2372 1388 2457 episcopus1082?

119 2487 145 2527 so
164 2461 268 2539 obiit;
294 2460 349 2524 eui
373 2458 458 2526 Otto
482 2469 708 2525 scismaticus⁴
731 2458 906 2522 suecessit.
1295 2464 1387 2523 1084?

272 2542 352 2598 (lum
370 2543 477 2615 igitur
494 2543 550 2597 iam
568 2540 710 2613 septennio
728 2541 781 2597 vel
804 2541 947 2625 amplius
963 2540 1121 2598 Romanum
1138 2544 1286 2615 imperium
1295 2554 1433 2597 ammosa

164 2616 286 2670 nimioe
316 2615 450 2697 scismatis
479 2613 593 2669 discidio
620 2613 803 2695 laborasset,
831 2614 892 2667 alus
919 2615 1078 2684 apostolico,
1106 2615 1166 2670 aliis
1193 2620 1286 2672 autem

164 2686 297 2741 Heinrico
315 2686 470 2741 faventibus
489 2690 517 2740 et
535 2686 570 2739 ob
588 2684 640 2738 hoc
663 2687 803 2753 utrimque
830 2687 920 2739 totum
946 2703 1065 2755 regnum
1091 2687 1185 2756 preda,
1212 2687 1286 2742 ferro

166 2761 194 2812 et
219 2758 284 2827 igne
308 2757 502 2811 miserabiliter
526 2755 738 2823 devastantibus,
765 2754 924 2824 paucissimi
949 2756 1079 2812 catholici
1105 2757 1226 2828 episcopi
1253 2776 1289 2813 ex

121 2843 148 2883 so
165 2832 245 2897 parte
272 2828 416 2897 apostolici
443 2828 479 2881 in
497 2825 720 2907 Tbeutonicis
746 2826 902 2894 partibus
925 2832 1125 2897 remanserunt,
1152 2830 1198 2898 qui
1242 2847 1288 2885 ro·

165 2899 233 2969 priia
251 2898 361 2953 sedibus
380 2898 487 2966 expulsi
505 2914 560 2951 suis
578 2896 709 2978 gregibus
720 2896 866 2978 providere
878 2913 935 2951 uon
946 2899 1186 2967 permittebantur.
1214 2847 1287 2969 {ua-

164 2971 279 3040 propter
297 2985 391 3022 omues
408 2985 479 3036 pene
496 2966 617 3037 religiosi
635 2983 692 3021 sive
711 2967 804 3021 clerici
832 2983 889 3021 sive
915 2968 979 3023 laici
1005 2970 1034 3022 in
1062 2970 1153 3039 aliqua
1179 2987 1287 3025 monas-

165 3040 299 3095 teriorum
326 3038 442 3121 latibula
468 3037 723 3119 huiusmodimala
750 3035 1045 3121 declinaverunhme
1072 3039 1287 3095 devastationem

122 3196 147 3236 a
165 3110 579 3252 {tltttlthtttttt
592 3107 1288 3251 ttnttll,tttttatttttsltttt

164 3254 241 3321 bant,
260 3252 346 3306 sancti
364 3251 450 3305 Blasii
468 3250 496 3303 in
515 3249 602 3319 Nigra
620 3248 704 3317 Silva,
723 3248 809 3302 sancti
828 3248 937 3303 Aurelii
955 3249 990 3304 in
1008 3250 1173 3322 Hyrsaugia,
1201 3254 1289 3307 sancti

165 3323 314 3379 Salvatoris
342 3320 421 3393 [ind]
448 3319 610 3389 Scat'husen,
634 3318 706 3387 quod
729 3318 848 3374 Navium
874 3319 971 3375 domus
994 3321 1104 3380 dicitur.
1146 3324 1195 3377 Ad
1219 3342 1288 3394 quae

165 3394 331 3449 monasteria
354 3392 535 3475 marchiones,
562 3390 679 3473 comites
701 3394 734 3444 et
757 3390 906 3473 multitudo
930 3391 1066 3475 nobilium
1090 3394 1213 3477 virorum
1237 3394 1290 3449 bac

165 3468 331 3549 tempestate
356 3464 481 3547 confugit
508 3466 536 3517 et
558 3461 694 3545 'depositis
707 3463 1002 3546 ‘armisuevangehcam'
1019 3464 1219 3549 perfectionem
1237 3468 1288 3521 sub

122 3550 148 3589 so
164 3537 286 3662 rigularr
304 3535 447 3605 disciplina
466 3551 566 3658 eirtqus
575 3535 753 3657 tproposuit&
765 3530 930 3615 wilhelmus
945 3538 1058 3659 tetiam
1075 3534 1327 3661 Hyrslaugiensisst.
1337 3548 1398 3592 1001.

166 3624 182 3661 a
221 3624 250 3661 ss
277 3624 305 3660 m
325 3623 406 3661 causa
430 3622 517 3660 sanci
559 3621 574 3659 e
648 3620 731 3658 arven
754 3620 852 3657 ssimus
879 3620 916 3659 eo
962 3621 1099 3675 empore
1155 3626 1205 3661 ura
1229 3625 1288 3662 mo·

165 3678 285 3732 nsateria
301 3693 494 3746 usquequaque
522 3691 557 3730 ex
583 3675 692 3745 integro
721 3674 888 3730 construxit:
916 3676 1003 3730 sancti
1022 3625 1143 3749 Georgii)
1154 3679 1183 3733 in
1201 3678 1288 3751 Nigra

167 3838 188 3885 a)
207 3836 223 3875 ll
237 3836 260 3875 ts
274 3837 322 3876 loco
336 3846 394 3876 raso.
457 3836 480 3888 b)
499 3836 556 3876 deest
570 3847 589 3877 c.
651 3832 672 3884 c)
690 3833 810 3884 imperium
825 3834 887 3874 civili
901 3835 969 3887 bello,
989 3836 1056 3877 immo
1070 3838 1181 3879 scismatis
1195 3837 1288 3880 maimo

166 3890 233 3930 Rem.
288 3889 518 3941 d)dsastc.,·auppl.

123 4045 148 4085 ss
168 4031 194 4095 1)
207 4045 353 4085 nomen-
363 4027 472 4099 augusti
483 4044 517 4081 cc
527 4029 733 4095 caesarias,
748 4044 768 4085 c.
778 4032 803 4085 2.
869 4030 897 4097 2)
911 4030 954 4094 Of.
966 4047 997 4097 p.
1007 4033 1051 4097 29,
1066 4032 1083 4087 l.
1093 4034 1144 4100 423
1157 4033 1201 4099 31,
1215 4034 1232 4089 l.
1245 4035 1287 4089 17.

166 4104 194 4171 3)
219 4103 253 4154 Id
270 4109 308 4155 cst
326 4103 404 4157 1084.
447 4101 484 4153 At
506 4099 686 4153 Tbcotaldum
710 4102 861 4168 episcopum
885 4116 958 4153 assno
976 4104 1054 4159 1082.
1080 4110 1217 4155 nmmum
1234 4121 1288 4157 ease

166 4172 288 4227 Annales
305 4173 462 4239 Augustani
485 4170 546 4237 (SS.
565 4170 621 4235 III,
644 4189 672 4239 p.
692 4173 758 4228 130)
782 4178 923 4235 aaaron&
946 4174 1043 4239 quibus
1064 4175 1191 4227 mas'mm
1209 4176 1288 4240 fidem

168 4245 330 4309 adhibemus,
356 4259 415 4296 cum
437 4241 604 4295 llicobaldus
627 4242 775 4309 (Necroloy.
794 4241 924 4310 Spirensis
948 4244 1022 4310 apud
1042 4244 1168 4310 Bdbmsr,
1189 4247 1288 4300 Fontes

166 4317 218 4382 IV,
240 4333 268 4384 p.
287 4317 353 4376 322)
371 4312 425 4370 Iv.
443 4311 516 4367 Non.
534 4311 607 4383 Aug.
629 4313 731 4379 obterit,
760 4313 818 4366 Otto
843 4328 903 4366 cero
927 4317 1096 4372 aano1084.
1121 4318 1177 4368 iam
1201 4333 1288 4371 mense

125 4400 150 4440 so
168 4388 270 4439 Martio
287 4386 388 4439 Rornae
405 4387 497 4437 curiae
514 4385 653 4452 imperiali
675 4384 798 4449 adfuerit
818 4384 951 4453 (Stampf,
972 4386 1204 4439 ‘Reichslccnzlcr’
1223 4389 1286 4455 Ray.

166 4460 269 4525 2854);
293 4460 327 4523 cf,
345 4456 438 4523 Meyer·
457 4473 480 4510 a.
499 4455 630 4523 Kasossos,
650 4454 832 4507 ‘Jahroachar
849 4454 996 4509 Hcs‘ssrs'clm
1013 4457 1074 4513 IV!
1095 4458 1153 4525 III,
1174 4473 1205 4524 p.
1225 4461 1286 4513 510.

166 4530 195 4597 4)
218 4529 261 4593 Of.
279 4528 445 4582 Berncldum
463 4528 500 4580 cd
517 4543 544 4583 a.
558 4528 634 4583 1100.
654 4533 678 4581 et
694 4528 774 4598 infra
788 4542 818 4593 p.
831 4528 875 4593 40,
894 4528 912 4583 l.
924 4530 951 4582 3.

220 4634 320 4675 Annales
333 4633 498 4675 llarbacenses.
1039 4636 1056 4688 3
