3284 5150
319 513 356 568 38
635 505 817 562 anianus
836 503 1127 563 MARBAOENSES.

242 697 310 740 Bes.
428 684 512 740 Anno
531 683 643 738 Domini
661 682 801 740 mxciii.
831 683 953 752 Welpho
970 682 1028 737 dux
1045 681 1305 753 Longobardie
1322 687 1351 738 et
1373 701 1450 738 uxor

321 757 380 812 eins
398 754 535 810 Methilda
552 755 608 811 iam
630 753 691 809 diu
717 759 813 810 contra
838 755 1005 808 scismaticos
1030 753 1192 808 dimicantes
1216 754 1330 809 tandem
1353 755 1447 824 opitu-

320 829 396 882 lante
414 826 495 882 Deos
515 825 662 880 confortati
680 830 751 882 suut.
785 825 858 881 Nam
876 822 1096 879 Heinricusb
1115 823 1188 878 filius
1206 824 1354 909 H[einrici]
1371 827 1448 896 regis

321 902 435 968 epatre
453 897 574 951 discessit
600 901 628 951 et
646 895 796 966 Welphoni
820 896 885 950 duci
902 899 1000 951 contra
1022 900 1131 964 patrem
1156 895 1269 953 adiuvit.
1312 895 1447 951 Civitates

340 985 430 1038 noque
457 969 575 1036 ibidem,
600 967 806 1032 Mediolanum,
833 966 1000 1034 cremae,
1027 965 1139 1036 Lauda,
1165 965 1322 1035 Placentia,
1347 973 1483 1022 cosmae

320 988 505 1112 heinricum]
525 1039 744 1108 coniuraverunt,
761 1038 808 1107 qui
820 1053 916 1092 omnes
927 1037 1052 1106 predicto
1063 1037 1129 1091 duci
1140 1036 1258 1093 fideliter
1269 1037 1445 1094 adheserunt.

320 1110 453 1180 Itaque
471 1107 942 1180 inhongoberdiafleinrieusd
960 1109 1082 1163 iunior
1100 1126 1117 1161 a
1133 1112 1213 1178 patre
1230 1110 1447 1165 circumvenitur

321 1186 351 1237 et
369 1181 530 1251 captivatur,
550 1181 598 1235 sed
609 1180 662 1236 Dei
673 1180 862 1235 misericordia
874 1184 985 1249 ereptus
997 1197 1013 1234 a
1025 1178 1227 1234 Mediolanensi
1239 1180 1446 1251 archiepiscopo

321 1257 350 1309 et
366 1253 479 1322 reliquis
496 1251 623 1306 fidelibus
649 1253 677 1306 in
701 1269 797 1322 regem
821 1255 977 1319 coronatur,
1001 1255 1171 1306 annuente⁰
1194 1250 1350 1320 Welphone
1374 1252 1446 1306 duee

320 1323 416 1378 Ytalie
434 1327 464 1378 et
481 1322 618 1378 Methilde
636 1323 694 1376 eins
712 1323 838 1392 coniuge.
869 1321 925 1377 Sed
943 1327 972 1378 et
989 1326 1069 1391 pater
1086 1322 1209 1377 eiusdem
1227 1323 1304 1377 ducis
1317 1321 1445 1392 Welpho,
1468 1336 1499 1375 io

236 1443 239 1450 .
321 1395 378 1449 dux
395 1393 529 1462 Bawarie,
551 1394 586 1448 ad
605 1393 722 1448 eundem
740 1394 849 1448 noviter
866 1397 1028 1448 coronatum
1051 1410 1148 1462 regem
1172 1394 1202 1448 in
1219 1393 1445 1464 Langobardiam

320 1466 398 1520 veuit
417 1465 496 1533 eique
515 1482 578 1519 cum
595 1463 653 1518 filio
672 1482 721 1518 suo
733 1463 854 1518 fideliter
867 1464 1000 1519 adherere
1017 1465 1127 1534 satagit.
1157 1463 1294 1535 Igitur
1308 1464 1445 1535 H[eiu-

209 1535 448 1606 americus]
484 1534 639 1590 iuniorf
674 1535 932 1589 confortatus
968 1535 1007 1589 in
1041 1537 1186 1604 reguo¹
1220 1536 1330 1590 totum*
1359 1536 1446 1590 robur

210 1619 241 1660 ie.
249 1618 311 1660 toas.
320 1607 429 1677 paterni
448 1608 583 1661 exercitus
609 1608 637 1660 in
655 1606 784 1660 Ytalia
809 1606 938 1674 obtinuit,
958 1609 1038 1675 pater
1056 1623 1121 1660 vero
1139 1607 1169 1660 in
1194 1606 1331 1675 quandam
1355 1607 1445 1661 muni·

321 1679 425 1734 tionem
443 1694 472 1732 se
490 1677 607 1732 contulit
630 1677 724 1746 ibique
745 1677 793 1731 diu
817 1677 920 1745 absque
944 1676 1021 1746 regia
1042 1676 1179 1747 dignitate
1201 1681 1323 1732 moratus
1347 1679 1444 1732 nimio·
1466 1689 1498 1730 se

221 1761 252 1810 ns,
262 1761 310 1804 reo.
321 1767 374 1874 qge
392 1749 488 1873 i{obire
507 1748 621 1802 affectus
630 1765 667 1829 ¹se
686 1749 777 1818 ipsum
795 1748 879 1872 {septi
891 1747 1002 1872 trRadqire
1020 1747 1129 1817 vo‘luit,
1140 1747 1445 1889 ⁸⁰ifithi⁸idmi⁰¹dtm

321 1838 337 1875 a
376 1836 505 1874 cecum
523 1835 667 1888 pervenire
685 1835 742 1872 non
765 1835 865 1888 pour.
935 1835 952 1872 o
986 1835 1037 1872 em
1060 1836 1152 1873 anno
1209 1836 1224 1872 e
1271 1837 1287 1873 o
1319 1838 1351 1874 us
1407 1839 1445 1873 ux

320 1890 504 1957 Alemannis,
524 1889 585 1958 qui
603 1892 638 1944 et
656 1889 921 1959 deZeringeu‚
940 1891 1149 1944 cenobium
1166 1891 1445 1946 monachorum

321 1962 350 2015 in
375 1961 480 2014 honore
505 1961 591 2014 sancti
614 1959 692 2014 Petri
717 1961 745 2014 iu
766 1959 855 2030 Nigra
872 1959 948 2014 Silva
973 1962 1160 2030 construxit,
1185 1962 1261 2030 quod
1283 1963 1445 2030 postess'

321 2031 410 2086 irater
428 2031 514 2086 eius
532 2031 712 2086 (iebehardus
731 2029 947 2086 constantiensis
965 2031 1109 2101 episcopus
1127 2033 1330 2087 consecravit
1464 2045 1497 2084 ao

430 2103 515 2157 Anno
539 2102 651 2157 Domini
669 2101 825 2158 MXCIIII.
868 2100 1004 2173 Magister
1028 2101 1213 2174 Manegoldus
1237 2103 1444 2158 adiutorio

322 2173 461 2228 domini
477 2173 712 2242 Blurchardil⁴
726 2173 925 2229 Marbsceuse
943 2175 1140 2228 monasterium
1158 2192 1175 2228 a
1192 2174 1445 2230 fundamentis

321 2248 559 2300 construere
577 2244 669 2314 cepit⁵
687 2261 769 2313 seque
788 2262 873 2298 uuum
898 2246 1183 2299 canonicorum
1201 2245 1352 2300 eorundem
1369 2263 1445 2300 com·

321 2316 442 2371 munitet
459 2315 612 2371 viventium
631 2333 689 2370 esse
706 2316 802 2372 voluit.

428 2386 512 2441 Anno
531 2386 643 2440 Domini
659 2386 780 2442 MXCV.
824 2385 1068 2441 Heinricusss
1089 2385 1161 2441 filim
1183 2387 1444 2456 imperatoris
1462 2398 1493 2439 so

321 2456 448 2512 Heinrici
466 2458 578 2512 domiuo
596 2475 667 2527 pape
679 2457 794 2512 Urbano
807 2455 988 2511 (tremamh
1003 2458 1124 2512 venienti
1141 2458 1251 2513 obviam
1268 2456 1445 2528 progreditur

322 2529 402 2597 eique
421 2529 544 2583 stratoris
563 2527 685 2583 officium
704 2527 836 2598 exhibuit,
855 2527 955 2582 deinde
973 2527 1040 2583 fecit
1057 2529 1083 2584 ei
1100 2528 1262 2585 fidelitatem
1281 2529 1443 2586 iuramento.

321 2598 413 2669 Ipso
439 2616 537 2653 anuo
558 2598 824 2670 H[einricus]i
847 2616 898 2653 rex
922 2599 1057 2654 iunior
1079 2618 1143 2655 cum
1164 2601 1242 2671 regio
1263 2606 1398 2669 apparatu
1414 2601 1445 2654 in

323 2668 452 2725 Tusciam
471 2671 593 2738 perrexit
610 2671 703 2739 ibique
721 2669 807 2724 liliam
825 2669 940 2740 Rogerii
958 2670 1035 2725 ducis
1054 2671 1089 2725 de
1106 2670 1208 2740 Sycilia
1232 2688 1297 2725 cum
1319 2672 1444 2725 inaudita

320 2740 438 2811 pecunia
456 2741 508 2795 sibi
526 2741 647 2795 oblatam
658 2742 779 2810 *accepit
815 2740 958 2795 Eodem
984 2758 1081 2796 auno
1102 2743 1132 2796 in
1150 2742 1248 2797 Galliis
1266 2742 1302 2796 ad
1320 2742 1444 2796 illarum·
1462 2754 1491 2794 ao

322 2815 448 2866 montem
466 2812 601 2882 generalis
620 2812 739 2880 synodus
757 2831 774 2867 a
792 2812 905 2867 domino
923 2829 996 2882 papa
1014 2817 1181 2885 congregata
1199 2818 1249 2883 est,
1261 2814 1356 2883 inqua
1367 2812 1444 2867 XIII

322 2899 602 2971 archiepiscopicum
621 2918 717 2955 eorum
735 2901 915 2971 suffraganeis
932 2902 1051 2957 fuerunt.
1087 2900 1123 2955 Iu
1140 2902 1193 2955 hac
1216 2902 1340 2972 synodo⁶
1365 2891 1444 2975 plus

233 2986 312 3043 1096.
322 2998 426 3061 qnam
450 2976 536 3043 OOC
560 2978 656 3042 milia
679 2979 859 3044 homiuum
889 2978 1047 3061 sequenti
1074 2999 1166 3043 auno
1192 2988 1444 3046 ierosolimitanam

150 3093 314 3141 manuus.
323 3077 376 3133 iter
398 3068 593 3151 aggressuri
616 3088 734 3133 cruces
757 3071 976 3152 acceperuut.
1014 3078 1098 3133 Cuius
1115 3079 1297 3148 expeditionis
1319 3080 1443 3149 prime

174 3166 449 3225 misaadominus
468 3168 720 3236 apostolicus
738 3168 874 3222 maximus
893 3172 990 3222 auctor
1007 3167 1068 3237 fuit,
1087 3157 1168 3220 huic
1188 3157 1294 3220 etiam
1314 3157 1442 3221 milicie
1461 3174 1489 3215 ao

321 3244 550 3309 Podiensem⁷
580 3246 778 3330 episcopum
808 3245 964 3329 prefecit.
1017 3244 1125 3329 Hugo
1154 3246 1303 3328 Magnus
1334 3246 1443 3310 frater

321 3424 343 3473 a)
358 3424 407 3465 Deo
421 3424 495 3463 adm
508 3435 575 3463 masa
587 3436 695 3473 superscr.
763 3425 787 3477 b)
805 3427 837 3464 ita
850 3438 883 3474 c.,·
896 3424 1043 3467 chounradus
1057 3429 1113 3464 rests
1125 3426 1261 3475 Danaidum
1273 3428 1334 3476 apud
1346 3431 1443 3466 nomas

320 3488 405 3527 smper
413 3489 458 3527 pro
471 3480 555 3517 aeson
569 3490 644 3517 mmet·
657 3480 750 3517 iunioris
760 3479 859 3518 Heinriei
867 3480 908 3519 17.
923 3481 966 3529 filii
979 3480 1094 3528 maim,
1104 3483 1182 3528 postea
1194 3481 1253 3528 repis
1265 3484 1285 3518 a
1298 3482 1443 3531 inpetierit,

320 3530 460 3580 wbmmr.
511 3532 531 3583 o)
546 3532 580 3571 hic
594 3536 613 3571 st
627 3533 650 3570 is
664 3534 767 3571 rotatim
781 3535 835 3572 aussi
843 3533 904 3573 109⁶.
919 3534 978 3579 falae
987 3544 1033 3581 pra
1042 3532 1154 3572 Cremona
1162 3533 1274 3576 &neiat
1322 3532 1346 3585 d)
1355 3534 1444 3573 chuon-

320 3582 391 3624 radus
404 3584 464 3624 lilius
478 3584 579 3624 Heinrici
592 3585 731 3633 regianum,
782 3586 805 3638 e)
819 3588 934 3627 annitente
947 3587 1015 3625 Bm.
1063 3586 1082 3636 t)
1095 3585 1125 3633 cs.
1139 3596 1208 3634 capro
1221 3598 1243 3625 a.
1253 3588 1281 3635 b3
1295 3585 1444 3627 Chnonndus
1460 3585 1487 3623 io

321 3637 366 3677 iam
380 3635 466 3677 dudum
479 3638 503 3677 in
515 3648 592 3685 regem
606 3644 726 3679 coronatus
735 3639 801 3682 Bes-s.
816 3640 846 3678 ad
859 3652 881 3679 a.
891 3640 952 3679 1095.
1002 3639 1025 3689 ε)
1038 3636 1172 3679 chonradus
1181 3649 1222 3679 rex
1231 3640 1312 3688 aea,-
1324 3641 1353 3689 σί.
1366 3650 1442 3689 eam.

320 3690 345 3741 h)
359 3690 494 3731 Cremonam
506 3692 588 3740 Bes‚,·
600 3692 628 3740 cs.
641 3703 710 3741 supra
723 3705 745 3732 n.
758 3704 778 3733 c.
833 3693 851 3743 i)
864 3690 998 3733 chonradus
1012 3692 1078 3731 am.

301 3831 348 3903 ’1)
369 3832 411 3897 Of.
431 3833 512 3898 infra
528 3850 559 3900 p.
575 3837 619 3900 40,
639 3835 657 3886 i.
677 3836 718 3891 15.
738 3835 776 3886 ad
792 3851 896 3887 canum
914 3835 993 3888 1106.
1064 3833 1093 3898 2)
1109 3836 1201 3886 totum
1217 3865 1254 3874 —
1272 3833 1393 3887 obtinuit
1409 3851 1443 3886 ex

320 3904 456 3957 Benoldo
474 3904 511 3955 ad
528 3920 554 3959 a.
568 3907 647 3961 1095.
718 3906 747 3975 3)
766 3906 865 3958 Eodem
882 3920 955 3957 anno
973 3906 1052 3969 1093,
1070 3904 1135 3959 Kal.
1153 3905 1280 3971 Aspuett
1352 3904 1381 3974 4)
1401 3906 1442 3970 Cf.

318 3990 408 4041 supra
417 3991 448 4041 p.
459 3977 502 4039 37,
515 3976 532 4031 i.
543 3978 567 4031 6,
582 3977 618 4028 ad
631 3993 733 4029 annam
747 3977 825 4032 1090.
892 3976 921 4043 ὁ)
937 3976 1048 4028 aarum
1060 3976 1192 4027 Bes-solda*
1203 3975 1278 4043 apud
1289 3974 1442 4029 Marhbach
1458 3986 1486 4025 ss

320 4045 463 4099 instituere
482 4046 555 4116 cepit
572 4048 710 4100 chronicis
728 4053 818 4101 nostr
835 4076 870 4085 -
888 4047 976 4099 mtto
989 4062 1007 4099 a
1018 4044 1203 4099 fundamentis
1215 4045 1356 4100 aedificari
1367 4064 1441 4113 usse,

319 4132 388 4183 quaa
409 4120 501 4170 adim
526 4120 600 4185 apud
617 4119 783 4172 Berrsoldam
806 4118 839 4169 do
863 4118 1024 4170 mcacsurio
1047 4134 1070 4177 s,
1090 4117 1182 4171 Blasii
1204 4119 1333 4170 dicantar
1350 4149 1385 4157 —
1403 4121 1443 4169 ilc

319 4191 441 4255 mutasti,
454 4196 485 4241 ut
501 4206 562 4241 cum
580 4193 675 4242 acidia
692 4190 865 4254 fundationis
883 4191 951 4241 anai
962 4189 1041 4244 1090.
1059 4191 1203 4244 moesus.
1270 4191 1299 4257 o)
1314 4190 1444 4242 Bessus·

318 4262 505 4313 menen
530 4261 669 4313 ohrcarsta
693 4260 773 4313 redae
796 4261 829 4312 da
852 4262 947 4313 itinera
966 4259 1211 4324 Hierosolymam
1233 4262 1329 4313 relatis
1353 4262 1440 4326 asad,

319 4345 398 4397 quaa,
423 4334 481 4384 siai
503 4332 599 4397 fallor,
625 4348 659 4383 es·
683 4331 839 4384 Annalibus
862 4331 1049 4398 imperialibus
1073 4332 1316 4397 Arcessitus-sibus
1341 4332 1441 4386 hausit
1458 4342 1485 4381 io

318 4403 357 4453 Ar
373 4402 463 4466 fontes
481 4403 521 4455 s'ts
534 4405 563 4454 irs
576 4418 660 4454 ursam
667 4404 834 4468 marhesit,
846 4407 877 4453 stt
888 4403 1039 4455 Annalium
1051 4408 1139 4454 mssa
1146 4418 1201 4469 pro
1211 4408 1282 4454 certo
1293 4404 1443 4469 rwoynooei

318 4488 373 4525 nors
386 4477 490 4539 possm
508 4476 541 4539 cf.
560 4475 779 4525 somniestarium
797 4490 890 4529 mm,
963 4472 989 4542 7)
1007 4473 1181 4526 haemmi.
