3284 5150
345 548 397 603 132
441 542 621 599 ANNALes
639 541 960 598 ARGENTINENSES
977 540 1169 598 FRATRUM
1186 538 1432 597 PRAEDIOAT.

254 742 333 797 1292.
450 726 541 791 Item
565 726 686 791 eodem
709 747 800 791 anno
819 726 1091 811 comparavimus
1113 746 1269 810 organas,
1296 744 1373 808 quc
1398 744 1478 788 con·

344 815 485 881 stabant
507 816 697 900 quingente
720 815 808 881 libre
831 815 1094 898 Argentinensis
1117 818 1256 880 monete
1265 813 1287 877 1.
1336 812 1478 877 Eodem

342 908 497 988 tempore
526 904 671 969 fuerunt
701 908 940 989 procuratores
968 904 1100 969 fabrice
1129 904 1241 969 Lucas
1272 902 1410 967 miles²
1441 904 1478 966 et

343 993 575 1057 Ellenhardus
605 994 714 1057 maior
747 1013 854 1077 prope
887 993 1133 1058 monasterium
1147 992 1169 1055 ³.
1216 992 1261 1056 Et
1294 992 1478 1075 magister

344 1080 558 1147 Guncelinus
582 1083 625 1147 de
648 1082 881 1146 Frankenfort
903 1082 1037 1165 paravit
1060 1082 1233 1166 predictas
1256 1101 1431 1165 organas.
1494 1102 1508 1142 s

254 1168 331 1249 1212·
449 1182 551 1244 Anno
582 1180 723 1245 nomini
752 1178 1068 1244 noonxxxxm
1109 1180 1210 1245 reris
1242 1180 1362 1245 tercia
1394 1180 1478 1262 post

244 1238 331 1278 Hm
342 1269 497 1353 Philippi
520 1272 555 1333 et
574 1268 715 1333 Iacobi⁴
738 1268 869 1334 electus
889 1272 941 1333 est
956 1269 1106 1333 Adolfus
1124 1288 1237 1333 comes
1255 1270 1299 1333 de
1315 1268 1476 1332 Nasowe

341 1359 377 1421 in
401 1378 517 1441 regem
536 1357 768 1421 Romanorum
792 1358 884 1441 apud
902 1357 1138 1423 Frankenfurt
1161 1358 1389 1422 concorditer
1413 1375 1478 1439 per

216 1466 460 1519 (uacuomnes
490 1446 661 1531 principes
694 1447 841 1531 imperii.
894 1446 1024 1511 Eodem
1053 1467 1144 1511 anno
1174 1451 1366 1511 coronatus
1401 1445 1477 1509 fuit

342 1537 435 1620 apud
458 1536 677 1619 Aquisgrani.
1493 1556 1518 1594 ιο

245 1622 332 1675 1291?
448 1626 572 1698 Annob
599 1633 741 1698 Domini
771 1632 1085 1698 MCOLXXXXII.
1124 1632 1168 1698 In
1198 1634 1475 1719 quadragesima

189 1690 512 1787 '‘⁶''⁸“'''cran·1ata
542 1726 594 1788 est
624 1723 769 1809 ecclesia
798 1723 1055 1808 Honaugiensis
1085 1724 1177 1808 apud
1203 1724 1474 1807 Rineugcnsem

342 1812 518 1877 civitatem
548 1831 610 1895 per
639 1811 816 1875 domiuum
845 1810 1044 1876 Ounradum
1074 1813 1272 1897 episcopum
1300 1810 1474 1896 Argenti·

341 1920 483 1965 nensem
518 1901 560 1965 de
595 1899 825 1966 Liehteuberc
863 1905 1004 1985 propter
1038 1902 1302 1967 inundationem
1337 1900 1437 1967 Beni
1448 1898 1471 1961 ⁶.

343 1988 455 2054 (lausa
481 1989 719 2054 translationis
749 1990 819 2053 fnit
849 2011 976 2073 magna
1004 1990 1194 2055 insolencia
1216 1992 1472 2055 canonicorum
1490 2004 1515 2045 1⁶

340 2078 470 2143 ibidem
480 2077 502 2139 ⁶.

190 2160 332 2269 &3333
449 2178 551 2240 Anno
574 2177 716 2241 nomini
745 2177 1081 2242 neormam.
1123 2178 1167 2241 In
1197 2179 1471 2263 quadragesima

325 2261 579 2349 'expugnatum
601 2266 671 2329 fuit
694 2267 836 2350 opidum
861 2267 1105 2331 Sermersheim
1135 2287 1197 2352 per
1220 2268 1404 2331 dominum
1430 2265 1468 2331 O.

342 2356 540 2439 episcopum
558 2355 847 2439 Argentinensem
870 2390 914 2399 —
937 2357 1029 2439 quod
1052 2357 1193 2439 opidum
1215 2358 1286 2420 fuit
1307 2355 1468 2421 Curionis

341 2443 463 2507 militis
487 2445 529 2509 de
554 2443 734 2508 Bercheim
757 2478 801 2487 —
825 2448 861 2509 et
883 2444 1043 2508 funditus
1066 2445 1222 2509 evulsum
1234 2445 1254 2507 ⁷.
1483 2455 1508 2495 ¹⁰
1601 2431 1602 2488 ἶ

253 2544 331 2599 1293·
449 2544 550 2607 Anno
569 2540 710 2606 Domini
731 2541 1066 2607 MCCLXXXXIII.
1103 2543 1146 2607 In
1169 2548 1384 2629 auctumpno
1409 2542 1467 2608 ob·

198 2652 256 2698 (oct-
267 2632 451 2700 persidia
470 2631 564 2694 facta
579 2634 632 2695 est
652 2651 713 2715 per
728 2632 897 2695 Adolfum
915 2653 1029 2715 regem
1046 2634 1141 2717 opidi
1158 2632 1463 2709 Oolumbariensis,

342 2724 378 2785 et
401 2721 636 2803 expugnatum
662 2720 733 2783 fuit
756 2724 907 2784 castrum
931 2719 1086 2800 Gemere,
1116 2723 1208 2806 quod
1235 2723 1306 2786 fuit
1328 2721 1464 2788 domini

341 2896 362 2944 a)
377 2895 409 2932 ita
421 2904 440 2937 c.
497 2893 519 2944 b)
533 2893 584 2932 hacc
597 2893 642 2933 olio
655 2897 775 2934 atramento
788 2895 858 2933 acacio
871 2906 900 2933 an
913 2895 940 2934 ct
954 2895 1026 2934 eodm
1038 2896 1113 2935 scrico
1125 2896 1177 2940 cdd.

341 3035 469 3105 episcopo
487 3033 547 3088 XII
572 3035 656 3089 libras
674 3034 850 3090 denariorum
868 3036 937 3106 Arg.
956 3036 991 3089 sd
1010 3053 1183 3090 communem
1201 3038 1354 3105 collectam,
1378 3052 1462 3106 quam
1478 3037 1503 3079 ’ὃ

341 3107 471 3176 imposuit
486 3107 611 3160 omnibus
623 3107 747 3160 claustris
761 3111 788 3162 et
801 3107 907 3161 clericis
918 3124 969 3176 per
980 3112 1067 3162 totam
1080 3107 1206 3176 dyocesin
1218 3109 1461 3180 Argentinenscm,

339 3178 1460 3316 aairremuneratadataararium

341 3321 418 3374 (luno
431 3325 523 3373 autem
533 3319 567 3373 de
577 3319 716 3389 Berghein
724 3321 811 3387 miles,
824 3268 1055 3391 presesprii‘cips
1064 3322 1093 3376 in
1101 3291 1210 3376 Assatia
1219 3291 1319 3390 elatus:
1327 3269 1458 3376 ilerum

342 3391 498 3445 Ounradum
524 3390 559 3444 de
583 3390 772 3460 Lichtenberg
797 3392 956 3460 episcopum
981 3397 1009 3447 ct
1033 3393 1116 3446 ctiam
1141 3393 1214 3447 cives
1231 3393 1456 3464 argentinense,
1474 3399 1498 3440 1⁰

341 3467 437 3516 contra
455 3479 501 3515 eos
526 3461 678 3530 principem
702 3462 834 3518 incitavit.
870 3461 917 3516 Illi
942 3468 1035 3518 autem
1052 3464 1165 3533 opidum
1183 3465 1304 3518 (lunonis
1321 3464 1457 3519 Sermsrs·

340 3534 415 3587 heim
434 3533 634 3588 destruxerunt.
665 3535 706 3585 Dc
722 3535 828 3586 Conone
845 3535 877 3586 dc
891 3535 1033 3602 Bcrpheim
1051 3539 1086 3601 cf.
1103 3537 1211 3603 Becker,
1230 3537 1390 3591 ‘Geachichic
1407 3538 1456 3590 der

340 3606 590 3670 Reichciacdcopte'
605 3607 643 3655 im
661 3605 765 3657 Elaces’
779 3622 809 3673 p.
829 3608 864 3660 21)
876 3621 930 3673 sqq.
1013 3610 1039 3677 1)
1058 3608 1114 3660 Ilio
1132 3623 1240 3675 orqcno
1256 3611 1314 3662 iam
1330 3626 1357 3664 a.
1377 3609 1454 3665 1299.

339 3678 499 3744 praciam
525 3676 645 3728 inccndio
671 3678 820 3744 peccunt.
866 3677 908 3742 Of.
937 3678 1035 3734 Cicron.
1062 3679 1226 3732 Elicuhordi
1250 3682 1267 3734 1.
1295 3697 1315 3737 c.
1341 3698 1370 3748 p.
1396 3681 1455 3735 139.

340 3750 368 3815 2)
389 3748 480 3798 moa
496 3747 529 3798 dc
546 3746 750 3813 Iiclcwcrelrcim,
770 3755 935 3816 procurator
952 3751 987 3801 ob
1005 3767 1031 3804 a.
1051 3753 1246 3809 meo-1295.
1319 3752 1347 3821 3)
1365 3751 1455 3803 Ellen-
1471 3752 1496 3796 ⁸⁶

340 3820 445 3872 hardus
462 3833 579 3884 macnus
596 3824 656 3870 unte
673 3821 878 3887 monasterium,
900 3836 977 3886 quem
995 3823 1030 3873 ob
1048 3838 1073 3876 a.
1094 3825 1278 3881 lael-1303.
1296 3825 1455 3888 marturum

340 3891 460 3957 fabem
484 3892 639 3944 invenimus.
723 3890 750 3960 4)
777 3891 812 3942 lc
836 3897 873 3944 cst
896 3892 939 3942 dic
963 3894 989 3947 6.
1010 3894 1082 3944 Maii
1087 3911 1097 3954 ,·
1120 3895 1167 3945 aad
1190 3897 1310 3960 Adolfua
1333 3898 1391 3946 iam
1414 3894 1455 3945 dic

341 3965 366 4018 5.
384 3962 457 4013 Maii
478 3977 529 4014 rec
554 3962 647 4014 clectus
670 3967 726 4022 esa·
750 3964 786 4014 cd
810 3962 879 4014 diem
902 3965 927 4017 2.
947 3964 1020 4015 Maii
1042 3965 1256 4034 archiepiscopus
1280 3967 1455 4033 Mayuntimoe

337 4035 475 4101 princpes
491 4033 610 4084 clectorcs
627 4039 813 4086 convocaverat
830 4035 876 4100 (cf.
895 4034 952 4089 LL.
972 4035 1059 4091 Conci.
1079 4036 1139 4102 III,
1161 4055 1191 4104 p.
1210 4041 1284 4100 456).
1369 4038 1398 4104 5)
1416 4037 1455 4088 Dc

340 4105 391 4156 hac
408 4105 593 4170 translatione,
612 4107 753 4170 quactum
771 4121 797 4158 a.
812 4108 889 4160 1291.
908 4107 983 4169 socia
1001 4122 1055 4159 cssc
1072 4109 1184 4172 eidam,
1202 4112 1236 4175 cs.
1252 4126 1320 4177 quac
1336 4108 1454 4160 Grandi·
1471 4113 1496 4153 ⁴0
1599 4120 1600 4127 ¹

340 4176 407 4241 dicr,
432 4173 554 4228 ‘Ocuercs
578 4175 656 4230 inid!
676 4176 728 4240 IV,
749 4193 778 4242 p.
799 4179 833 4231 72
845 4193 883 4243 sq.
903 4178 1012 4242 cellapii.
1094 4179 1120 4245 6)
1139 4179 1191 4232 Hic
1209 4187 1303 4234 codor
1320 4181 1454 4249 reprimit,

341 4246 410 4314 qood
434 4247 490 4313 ipsc
513 4247 545 4298 de
569 4247 761 4299 mussitationis
779 4262 863 4298 causo
879 4251 966 4303 accii.
1050 4251 1077 4316 7)
1098 4251 1140 4315 Cf.
1165 4268 1251 4320 supra
1275 4253 1312 4304 cd
1333 4253 1455 4314 α.1292,

337 4335 367 4385 p.
388 4319 447 4383 131,
472 4334 499 4373 n.
519 4320 544 4371 7.
571 4347 607 4356 —
633 4319 685 4370 Dic
711 4320 754 4372 28,
780 4319 859 4374 Febr.
884 4337 910 4374 a.
930 4322 1007 4376 1292.
1034 4322 1176 4375 Conradus
1199 4327 1335 4390 epitropos
1358 4323 1455 4375 civibus

340 4389 580 4456 Arqentincnsibuc
596 4391 741 4456 scripserat
759 4405 786 4440 sc
803 4405 859 4442 non
876 4393 933 4443 nisi
946 4407 1005 4443 cam
1020 4394 1058 4444 cis
1073 4408 1165 4460 pacem
1178 4410 1238 4447 cum
1250 4396 1357 4448 &enom
1373 4394 1456 4447 mdiu

341 4463 473 4512 initurum
492 4476 559 4520 essu
577 4462 619 4511 dic
636 4464 661 4514 3.
674 4461 782 4526 Aprilis
794 4462 868 4513 Cuno
879 4463 910 4514 dc
922 4463 1064 4529 Bcrplrcim
1078 4479 1172 4531 pacem
1188 4469 1305 4533 episcopi
1318 4473 1341 4518 ci
1356 4468 1455 4519 cicibw
1470 4467 1495 4512 ⁴⁶

341 4534 487 4586 iuraverat.
525 4531 569 4595 Cf.
588 4530 791 4596 ‘Strasehuryer
815 4533 880 4587 ΠΒ]
899 4533 939 4597 ΙΙ,
953 4550 983 4600 p.
998 4538 1059 4599 140,
1076 4551 1120 4590 nr.
1140 4539 1200 4592 181.
1219 4541 1281 4592 182.
