3284 5150
525 536 708 593 ANNALBS
725 534 1018 593 mannasses.
1300 539 1335 595 77

214 722 417 799 contrarius,
435 724 603 804 quantum
623 721 748 805 potuit,
769 724 911 805 propter
933 720 1116 803 antiquum
1139 720 1258 784 odium
1281 719 1484 784 suismnus.

213 809 345 895 patrisl
369 813 405 874 et
421 807 586 876 Ottonem
611 810 733 875 dilexit
753 813 789 875 et
811 810 888 893 ipsi,
905 813 1074 892 quantum
1090 811 1238 893 poterat,
1258 829 1334 874 oon·

214 897 292 963 silio
315 902 351 963 et
375 898 503 963 auxilio
527 898 677 964 fideliter
705 898 829 963 astitit.
879 898 985 962 Erat⁸
1012 899 1104 963 enim
1134 897 1217 961 talis
1247 905 1424 963 com-1207.

213 987 349 1073 positio,
377 990 418 1051 nt
442 986 527 1054 Otto
551 989 695 1053 duceret
718 988 826 1051 filiam
850 987 923 1052 eius
950 1008 1013 1070 per
1043 986 1335 1071 dispensationem

180 1080 250 1141 set
277 1076 347 1140 alia
376 1077 543 1159 quaedam
571 1076 723 1160 insignia
752 1076 897 1141 haberet
927 1096 989 1159 per
1015 1076 1169 1159 regalem
1198 1076 1336 1159 permis·

213 1167 344 1231 sionem
354 1166 375 1225 ².
418 1165 577 1230 flabunt
599 1166 691 1230 enim
712 1165 906 1249 Phylippus
929 1165 1036 1228 filiam
1060 1164 1151 1248 regis
1171 1162 1335 1228 Constan-

212 1254 437 1339 tinopolitani
460 1254 498 1317 in
522 1255 692 1339 coniugio,
717 1274 819 1337 quam
844 1253 937 1317 filius
954 1252 1126 1318 Tancradi
1147 1253 1186 1316 in
1208 1252 1336 1337 Syoilia

214 1344 339 1408 ducere
364 1342 522 1420 debebat,
547 1345 607 1409 sed
630 1347 815 1427 preventus
832 1343 1018 1406 immatura
1032 1345 1153 1420 morte,
1171 1362 1241 1405 uns
1256 1362 1336 1407 cnm

213 1435 312 1516 patre
335 1433 372 1495 in
395 1432 530 1517 palacio
549 1432 795 1497 Panormitano
818 1431 1002 1508 remansit3
1026 1452 1130 1514 qnam
1150 1430 1335 1496 Heinricus

169 1546 196 1585 ιο
212 1522 401 1604 imperator
434 1522 565 1587 ibidem
595 1521 774 1587 inveniens
803 1523 925 1605 postea
953 1520 1057 1583 fratri
1086 1539 1148 1584 suo
1179 1519 1334 1584 tradidit.

214 1607 282 1688 Qui
312 1612 455 1694 postea⁴
489 1631 564 1675 eam
600 1630 678 1675 oum
713 1629 840 1693 magno
870 1611 1045 1674 conventu
1074 1608 1269 1693 principum
1298 1610 1336 1671 in

214 1698 340 1763 Saevis-
364 1698 602 1784 sollempniter
622 1699 722 1762 duxit
745 1702 780 1763 et
804 1719 846 1763 ex
862 1717 903 1763 ea
917 1694 999 1761 IIII
1015 1697 1105 1762 filias
1120 1696 1306 1782 progenuit
1312 1696 1334 1774 ⁵,

212 1784 1425 1961 iiiepiioeiegiupisslssiiaiiiiwiswidbiiiiqiffpiii1333·

169 1986 197 2027 1s
215 1962 440 2041 Brabantie⁹;
472 1984 560 2048 qnae
584 1968 780 2048 genuerunt
803 1965 893 2029 filios
916 1967 952 2029 et
975 1964 1074 2041 filias,
1102 1964 1193 2028 sieut
1216 1967 1337 2047 postea

215 2052 339 2116 melius
354 2051 588 2117 declarabitur
596 2053 632 2129 ²⁰,
657 2057 800 2137 excepta
816 2046 977 2118 Ottonisb
997 2054 1154 2137 coniuge,
1174 2073 1261 2136 qnae
1276 2053 1336 2116 im·

215 2142 352 2203 matura
380 2143 501 2217 morte,
532 2162 577 2206 ne
606 2141 739 2206 videret
769 2142 942 2207 miseriam
976 2142 1107 2218 mnndi,
1144 2141 1334 2207 decessitss.
1347 2151 1425 2205 1212.

214 2228 351 2292 Primo⁰
367 2249 448 2293 vero
464 2230 671 2313 desponsata
686 2224 823 2294 fuerat‘l
839 2230 995 2315 palatino
1014 2231 1057 2297 de
1067 2230 1335 2295 wisilisbaohss.

215 2316 283 2382 Sed
317 2317 391 2401 ipse
424 2317 578 2383 lubricus
602 2319 751 2383 existens
774 2326 810 2384 et
833 2319 1009 2384 homicida
1030 2319 1219 2384 multorum
1242 2319 1336 2384 nobi-

169 2405 301 2471 solium
332 2426 394 2490 per
416 2407 665 2493 querimoniam
693 2410 798 2490 atque
828 2407 994 2473 iudicium
1017 2408 1089 2472 fuit
1112 2410 1334 2493 proscriptus,

215 2498 250 2559 et
284 2494 332 2559 sie
368 2495 472 2580 longo
506 2498 663 2580 tempore
693 2496 883 2580 perdurans
913 2497 1170 2582 aprinoipibns
1193 2499 1335 2562 tandem

213 2585 435 2660 diiudicatur,
466 2587 507 2647 nt
530 2584 638 2648 filiam
661 2606 758 2650 snam
781 2590 862 2651 rex0
885 2586 1028 2651 deberet
1050 2587 1226 2664 rehabere,
1254 2588 1336 2670 quia

215 2672 379 2756 indignus
402 2674 579 2738 videretur
602 2693 741 2738 consors
762 2675 858 2758 regie
882 2675 1097 2741 excellentie.
1144 2674 1245 2755 Quod
1274 2677 1335 2741 ille

213 2760 327 2826 ferens
342 2762 485 2846 indigne
501 2762 594 2846 oepit
609 2762 745 2828 oooulte
759 2765 912 2828 treotare
929 2763 971 2829 de
984 2764 1093 2848 ipsius
1109 2760 1334 2830 occisionem-¹

170 2894 197 2935 26
215 2898 237 2949 a)
251 2899 359 2947 sequentia
372 2903 492 2938 atramento
501 2901 570 2948 paulo
585 2900 669 2939 diuerso
683 2900 767 2948 sermm
779 2904 837 2941 sirm.
905 2902 929 2953 b)
947 2906 982 2941 ott
996 2915 1054 2943 sorr.
1069 2914 1096 2941 sa
1110 2908 1147 2943 oet
1161 2913 1179 2943 o.
1247 2904 1267 2952 e)
1285 2914 1298 2942 o
1312 2903 1336 2940 tu

215 2952 261 2990 loca
275 2962 333 2990 raso.
388 2949 412 3003 d)
427 2956 451 2992 at
465 2953 487 2991 tn
501 2953 546 2992 laco
561 2964 611 2992 raso
625 2954 730 3002 seriptum
744 2954 835 2996 amur.
892 2955 913 3007 e)
927 2957 1002 2994 maun
1015 2968 1081 2995 manu
1094 2966 1201 3004 summm.

216 3055 243 3123 1)
266 3055 328 3110 Stil.
347 3057 525 3113 somniat.
614 3059 642 3129 2)
669 3061 712 3124 Os.
738 3059 980 3114 Bitiam-Finita·
1003 3079 1048 3116 nr.
1067 3063 1145 3116 6044.
1184 3061 1261 3113 Talis
1281 3077 1336 3114 nott

214 3132 274 3180 arat
286 3130 445 3194 compositio,
457 3129 503 3180 sul
515 3130 636 3196 mrsditio,
648 3147 730 3198 quam
741 3133 825 3198 lopati
838 3131 930 3184 Ottoni
940 3133 1000 3199 rapi
1010 3134 1120 3197 frustra
1127 3137 1335 3198 proposuerunt,

214 3204 244 3250 ut
268 3199 306 3250 ad
330 3215 453 3252 aoronmn
480 3201 660 3268 drpmatdam
687 3218 746 3254 eum
772 3204 945 3267 indumrmt;
967 3219 1035 3270 paca
1060 3219 1115 3256 non
1141 3204 1214 3254 inita
1239 3210 1336 3268 trsupa

170 3285 197 3326 so
214 3271 297 3322 unitur
317 3273 373 3336 fers
398 3273 466 3322 anni
488 3272 564 3335 faeta
589 3277 634 3326 est.
675 3273 717 3339 Of.
737 3273 835 3329 Clsron.
853 3274 981 3342 Ursperp.
999 3274 1059 3342 (SS.
1077 3273 1191 3341 XXIII,
1215 3292 1243 3342 p.
1262 3275 1334 3340 370).

213 3343 241 3407 8)
268 3341 341 3406 Quas
363 3347 513 3409 sequuntur
537 3345 679 3396 annalista
702 3345 739 3396 ad
764 3361 869 3398 annum
892 3347 970 3401 1194.
989 3348 1044 3398 iam
1069 3353 1241 3412 narraverat,
1266 3345 1336 3397 unda

213 3419 302 3465 noster
320 3413 577 3474 transmaritimum
595 3417 629 3480 et.
648 3430 734 3482 supra
747 3432 777 3482 p.
791 3417 835 3471 64.
889 3418 917 3479 4)
938 3417 1057 3485 Nuptiae
1072 3432 1145 3468 anno
1158 3419 1236 3472 1197.
1250 3432 1337 3469 nunes

212 3483 292 3536 Maio
308 3485 449 3550 Aupustau
466 3486 610 3538 mlrbrataa
627 3492 697 3540 sunt.
773 3486 802 3552 5)
819 3488 975 3554 Beatrioem,
994 3488 1185 3555 Ounipundrm‚
1203 3488 1335 3554 Mariam,

213 3556 310 3606 iterum
322 3555 477 3609 Baatriosm.
499 3556 540 3611 W.
608 3558 635 3624 6)
651 3558 769 3609 Beatria
784 3573 871 3610 mansa
881 3558 1025 3611 Novembri
1042 3575 1068 3612 a.
1082 3561 1161 3614 1208.
1178 3559 1336 3626 desponsata

171 3639 197 3678 ao
213 3626 318 3677 demum
342 3641 428 3678 masse
452 3626 524 3679 lulio
550 3630 618 3678 armi
644 3629 721 3683 1212.
746 3628 836 3680 Ottoni
859 3632 959 3695 nupsit.
1050 3629 1077 3699 7)
1103 3630 1203 3682 Iunior
1220 3631 1337 3683 Beatrioe

215 3711 241 3749 a.
255 3697 332 3751 1220.
351 3713 437 3748 masse
454 3696 590 3750 Ianuario
603 3698 801 3752 FerrandoII.
819 3701 880 3765 rapi
892 3700 1020 3753 waliae
1037 3704 1137 3770 nsipsit.
1208 3702 1238 3768 8)
1258 3700 1337 3752 Wm-
1419 3739 1422 3743 -

214 3767 315 3818 cmlaus
339 3767 413 3830 filius
433 3766 551 3819 Otalrari
566 3771 640 3835 rapis
661 3785 733 3821 anno
752 3772 830 3825 1216.
849 3773 880 3823 iu
897 3787 985 3837 ripun
1003 3773 1126 3825 aumas
1142 3774 1236 3824 elautus
1255 3773 1338 3839 patri

216 3837 336 3889 matare
363 3853 388 3891 a.
412 3839 489 3893 1230.
517 3842 655 3900 amassia·
683 3840 852 3906 Cunipundrb
878 3858 950 3894 anno
975 3846 1053 3899 1207.
1080 3845 1242 3911 desponsanta
1268 3849 1335 3897 erat.

215 3909 242 3972 9)
266 3908 361 3959 Maria
379 3924 464 3961 mensa
481 3910 633 3963 Februario
657 3913 727 3962 anni
745 3913 823 3968 1207.
841 3912 969 3965 Heinsius
993 3915 1050 3979 filio
1075 3915 1150 3966 duris
1169 3915 1338 3966 Brabantms

169 3993 196 4032 so
213 3979 373 4046 desponsata
380 4018 388 4044 ‚
420 3996 492 4032 anno
523 3984 601 4036 1215.
631 3983 657 4032 ei
684 3983 801 4048 nubens,
832 3989 921 4036 tamen
949 4000 1015 4037 vera
1044 4001 1143 4053 sponsa
1172 3989 1246 4047 erat,
1276 4000 1337 4035 oum

213 4051 416 4103 matrimonium
441 4052 560 4104 nmmum
584 4060 768 4120 amisumptum
792 4059 857 4106 assat
881 4057 928 4120 (of.
947 4056 1186 4108 Borma-Fictor
1210 4058 1334 4111 nr.141.

213 4123 287 4182 825).
337 4121 486 4176 Heinrious
510 4129 573 4190 post
603 4129 712 4176 nmrtsm
740 4127 833 4193 patris
866 4142 939 4179 anno
969 4129 1047 4182 1236.
1081 4127 1140 4178 dua
1170 4127 1337 4179 Bratantias

213 4193 303 4258 fartus
327 4200 372 4249 ast.
464 4197 508 4264 10)
536 4197 576 4249 De
594 4196 686 4248 liberis
703 4212 738 4248 aa
756 4197 810 4248 iltis
829 4199 1011 4249 matrimoniis
1031 4200 1183 4265 procreatis
1200 4214 1337 4265 nusquam

210 4272 303 4332 postea
327 4268 427 4332 apitur.
518 4267 564 4333 11)
591 4269 642 4320 Dis
666 4269 707 4322 11.
727 4269 849 4334 Aupusti
872 4284 898 4322 a.
919 4270 996 4324 1212.
1016 4271 1088 4328 obiit,
1179 4271 1223 4336 12)
1247 4270 1337 4321 Aliter

168 4349 196 4389 us
218 4335 409 4388 Winlulmann
423 4337 552 4406 ‘Philipp'
560 4356 590 4405 p.
605 4341 657 4394 539
669 4355 723 4405 tut
742 4338 810 4392 ‘ono
821 4338 885 4394 IV?
897 4355 928 4406 11.
940 4342 1001 4395 536.
1018 4343 1154 4408 iudicarit,
1171 4355 1230 4392 oum
1245 4342 1335 4391 iunio·

212 4422 269 4458 rsm
288 4407 434 4460 Beatriosm
453 4425 578 4477 sponsam
599 4410 702 4463 Ottonis
715 4410 839 4476 palatini
855 4409 941 4474 fuisso
957 4412 1115 4466 dutarara.
1198 4411 1242 4478 13)
1261 4409 1336 4461 Hatt

214 4479 304 4528 omnia
328 4479 434 4542 famam
458 4483 489 4532 in
506 4482 596 4533 maius
614 4482 739 4533 extulisse
758 4481 957 4550 Winkelmann,
979 4483 1097 4553 ‘Philipp
1115 4498 1164 4536 von
1183 4479 1334 4534 sinuabm’

211 4565 240 4615 p.
256 4549 317 4604 538.
336 4549 397 4602 bens
414 4554 542 4619 exposuit.
