3284 5150
314 496 348 551 76
628 490 811 548 Ananias
829 490 1122 550 MARBAOENSES.

225 681 505 751 1200.mansurus‚
530 678 565 741 et
589 674 710 739 urbem
725 674 972 740 Niwenburoh
995 696 1073 739 cum
1096 674 1382 739 ministerialibus
1400 678 1438 740 et

314 764 527 849 appendiciis
557 764 627 827 suis
658 764 907 847 Argentinensi
940 763 1083 828 ecclesie
1117 764 1155 827 in
1189 764 1438 848 proprietatem

314 852 411 918 dedit
421 851 441 930 ¹,
466 854 613 936 pecunia
636 856 754 917 tamen
777 852 963 917 mediante.
1007 852 1122 916 Huius
1146 851 1341 936 exemplum
1363 853 1439 916 imi-

312 941 380 1005 tati
414 962 517 1025 quam
551 941 667 1025 plures
702 941 889 1007 nobiliores
923 962 1001 1006 cum
1036 940 1201 1005 uxoribus
1240 945 1276 1006 et
1317 940 1437 1006 liberis

206 1030 433 1113 *trutpredia
461 1051 523 1095 sua
553 1031 741 1095 vendentes
772 1033 941 1115 perpetuo
964 1028 1120 1095 servicio
1144 1030 1256 1095 sancti
1285 1030 1469 1114 sepulcris

314 1139 349 1183 se
373 1120 621 1184 devoverunt⁸.

143 1371 303 1413 connotent.
419 1342 521 1433 Ipsob
549 1370 640 1413 anno
671 1349 745 1413 dati
775 1352 858 1413 sunt
887 1349 1024 1413 ordines
1047 1348 1205 1413 Basileus
1235 1369 1256 1412 a
1283 1345 1437 1413 Litoldo

205 1436 466 1503 nuneciusdem
490 1437 584 1502 urbis
616 1439 776 1523 episeopo
799 1438 891 1501 IIII.
915 1437 1005 1501 Non.
1029 1437 1162 1501 Marcii.
1216 1435 1286 1516 Qui
1315 1441 1437 1521 postea

217 1548 273 1587 aare
282 1549 302 1589 s.
312 1527 349 1589 in
372 1526 571 1592 inventione
595 1530 713 1591 sancte
737 1528 848 1592 crucis
872 1545 1008 1591 erucem
1035 1527 1169 1611 aceepit
1199 1547 1278 1590 curn
1308 1547 1435 1611 magno

313 1615 479 1679 abbatum
503 1618 538 1681 et
561 1615 783 1681 reliosorum⁰
809 1619 959 1680 virorum
984 1615 1163 1680 comitatu.
1455 1638 1484 1676 ro

164 1726 301 1768 muns.
421 1700 554 1769 lAnno²
578 1704 720 1769 Domini
746 1699 898 1769 necti.
951 1703 1246 1768 Prealarissimus⁰
1275 1704 1435 1787 princeps

224 1792 503 1877 1201.Phylippus
534 1813 669 1857 rursum
701 1794 887 1859 exereitum
920 1792 1087 1876 colligens
1114 1792 1296 1858 Mosellam
1325 1796 1435 1857 trans·

224 1889 301 1943 1206.
311 1881 384 1959 ivit,
411 1880 591 1946 Coloniam
622 1882 767 1960 obsedit,
800 1882 999 1946 Brunonem
1032 1883 1232 1965 episcopum
1262 1882 1364 1965 sepit,
1398 1885 1433 1946 et

313 1970 361 2034 sic
385 1970 560 2035 civitatem
580 1974 616 2035 et
634 1974 745 2035 totam
762 1971 975 2055 provinciam
993 1971 1038 2034 ad
1055 1971 1269 2035 dedicionem
1286 1971 1401 2054 coegit
1410 1970 1432 2033 ³.

224 2067 303 2121 1205.
313 2058 459 2124 Postea⁴
482 2060 692 2143 Aquisgrani
714 2060 855 2125 veniens
890 2081 967 2125 oum
1003 2058 1123 2123 multis
1152 2059 1366 2143 principibus
1395 2060 1434 2121 in
1454 2080 1482 2119 rs

312 2148 393 2213 sede
416 2148 514 2232 regni
541 2142 632 2212 unaf
659 2170 736 2213 oum
768 2150 889 2233 regina
918 2148 1009 2212 sedit
1043 2168 1083 2212 aa
1114 2148 1239 2213 deinde
1272 2166 1433 2232 prospere

223 2246 301 2300 1207.
312 2237 356 2300 sd
376 2237 514 2320 propria
528 2238 649 2316 rediit;
675 2241 710 2303 et
726 2238 870 2322 negocia
886 2237 980 2320 pacis
999 2237 1091 2301 inter
1106 2258 1230 2321 papam
1247 2240 1282 2301 et
1298 2236 1435 2320 ipsum⁵

311 2346 373 2410 per
396 2325 551 2409 legatos6
577 2330 782 2391 tractantur.
832 2325 938 2390 Erat⁷
969 2327 1083 2391 enimi
1109 2325 1176 2389 sibi
1205 2325 1242 2389 in
1273 2325 1433 2390 omnibus

312 2481 334 2532 s)
348 2481 387 2519 ltoc
401 2481 445 2520 loeo
459 2481 555 2520 Annales
568 2482 691 2529 imperiales
704 2481 870 2529 Arpentinenees
883 2477 971 2519 desimse'
984 2481 1039 2519 milei
1052 2481 1158 2523 videntur.
1221 2481 1244 2532 b)
1259 2481 1322 2520 Hanc
1334 2482 1434 2520 notitiam

312 2546 355 2574 non
372 2536 493 2574 annalistae
511 2535 669 2586 montisaenei,
688 2536 725 2574 sed
738 2535 814 2584 potius
831 2535 954 2572 citronislae
969 2533 1147 2583 Habenbnrpensi
1167 2534 1327 2572 attribuerim
1346 2544 1391 2574 esse
1411 2536 1434 2572 in
1452 2531 1481 2571 20

313 2590 464 2628 commentario
478 2599 525 2626 mea
538 2590 636 2637 exposui.
685 2589 705 2638 e)
720 2589 751 2626 ita
766 2599 784 2627 c.
836 2586 860 2635 d)
873 2589 940 2626 Prius
951 2587 1042 2627 MCOH.
1056 2589 1160 2636 scriptum
1174 2592 1228 2638 nat,
1242 2590 1279 2627 sed
1293 2589 1369 2626 uitiata
1382 2593 1434 2627 nota

312 2643 397 2680 numeri
410 2652 472 2681 erasa
486 2646 530 2689 est;
542 2644 571 2689 cf.
585 2654 606 2681 n.
618 2652 638 2681 e.
689 2644 710 2690 s)
725 2641 906 2681 Prsalarissimns
916 2662 941 2670 -
951 2643 1076 2681 exereitum
1090 2643 1123 2689 (in
1136 2643 1178 2689 tine
1189 2642 1268 2691 nme)
1279 2642 1302 2679 in
1316 2643 1364 2680 mco
1373 2653 1432 2682 raso.

311 2695 379 2734 Levia
385 2696 506 2734 litterarum
514 2696 602 2743 aestima
608 2695 749 2742 suspicionem
756 2699 839 2733 meanti
848 2695 883 2733 leia
889 2699 952 2733 antea
959 2695 982 2732 in
990 2695 1035 2733 loco
1042 2706 1092 2733 raso
1100 2695 1186 2733 initium
1194 2696 1306 2734 relationis
1312 2696 1365 2733 anni
1372 2696 1433 2735 1202.

311 2750 416 2796 emptum
429 2750 509 2795 fuisse:
523 2749 641 2789 chunradi
654 2749 733 2796 argenl
747 2748 789 2797 effe
804 2748 867 2798 obiit,
882 2749 919 2787 cui
933 2749 954 2786 Η
969 2775 975 2787 .
991 2776 997 2787 .
1014 2776 1020 2787 .
1036 2775 1042 2787 .
1113 2749 1130 2799 t)
1145 2758 1191 2787 uus
1204 2759 1255 2788 eum
1269 2749 1347 2798 regins
1360 2749 1434 2787 eadem

311 2813 377 2840 mann
390 2813 497 2850 superscr.
552 2802 574 2852 g)
588 2802 660 2840 eodem
675 2812 740 2840 manu
754 2811 863 2850 superscr.
1451 2798 1480 2839 25

313 2909 340 2975 1)
366 2909 493 2961 Castrum
519 2913 542 2960 et
568 2908 662 2959 villam
689 2907 846 2974 ‘Nimburp'
874 2907 1037 2959 Batbaldus
1063 2909 1202 2974 episcopua
1229 2908 1435 2974 Arpentinensts

312 2979 627 3034 neumasensium
640 2978 679 3032 11.
699 2981 861 3046 impetatori
876 2982 907 3029 in
925 2979 1036 3042 feudum
1053 2985 1154 3031 reatum
1171 2983 1306 3044 concessit,
1319 2981 1435 3045 extemis

311 3051 532 3103 ministerialibus
557 3051 689 3102 militaris
717 3051 877 3102 conditionis
902 3051 1155 3114 (litamen-Ficta
1180 3067 1225 3104 nr.
1252 3052 1345 3113 2143).
1394 3051 1434 3101 De

312 3123 355 3174 his
374 3121 586 3189 possessionibus
611 3121 646 3186 cf.
672 3121 772 3186 Heyela
795 3121 955 3173 ‘Gescbichte
980 3121 1028 3172 der
1045 3121 1166 3187 Herzope
1190 3137 1241 3172 aon
1265 3120 1433 3186 Zibrinpen'

309 3209 338 3260 p.
356 3195 410 3248 474
421 3209 459 3260 sq.
478 3194 532 3248 495
543 3208 582 3258 sq.
601 3193 662 3257 (ubi
678 3209 708 3259 p.
727 3194 790 3257 475,
812 3208 840 3246 n.
861 3195 938 3246 1419.
957 3208 1011 3244 nan
1030 3197 1096 3244 reate
1113 3193 1214 3244 dicitur
1231 3195 1260 3243 in
1278 3192 1433 3245 Annalibus
1451 3201 1478 3240 to

311 3267 412 3316 nostris
436 3262 534 3315 urbem
553 3261 746 3316 Ndwenburah
770 3263 897 3330 oppidum
915 3262 1096 3329 ‘Neuenbura'
1115 3264 1152 3315 ad
1172 3263 1297 3315 Rhenum
1320 3263 1433 3327 fluuium

311 3337 393 3385 situm
416 3335 583 3401 significare)
607 3341 631 3386 et
647 3334 737 3399 Erite,
757 3335 828 3386 ‘Das
850 3334 1029 3386 Tanitorium
1053 3336 1099 3386 des
1117 3335 1240 3386 Bistums
1257 3333 1432 3400 Strassburp'

311 3423 338 3474 p.
357 3408 399 3460 ts.
427 3407 478 3460 162
496 3421 552 3473 sqq.
643 3407 672 3473 2)
696 3406 736 3457 De
761 3408 877 3471 confusa
901 3407 984 3457 lenius
1008 3407 1077 3457 anni
1100 3408 1260 3458 narratione
1285 3405 1321 3470 tf.
1346 3421 1434 3472 supm

308 3476 508 3543 praefationem
526 3483 549 3529 et
573 3476 791 3528 commentarium
815 3492 909 3532 meum.
999 3476 1027 3546 3)
1054 3477 1127 3528 Haec
1151 3478 1292 3529 vinariosa
1309 3476 1435 3542 Philippi

312 3549 443 3614 eapedilio
466 3563 552 3600 mense
569 3547 641 3600 Iultb
665 3549 735 3598 anni
755 3550 833 3602 1206.
859 3549 935 3612 faeta
960 3554 1015 3610 est:
1040 3549 1137 3600 ano
1155 3548 1318 3600 &lenunsis
1341 3547 1434 3598 arcisi-
1450 3557 1478 3598 ss

311 3621 448 3686 episcopas
459 3649 495 3657 -
506 3621 555 3686 qui
565 3624 658 3671 contra
668 3619 801 3682 Adolfnm
809 3618 937 3686 Philippo
949 3626 1012 3672 tunc
1023 3619 1210 3672 adhaerermm
1222 3620 1316 3672 matus
1326 3624 1386 3670 erat
1396 3648 1434 3657 -

312 3690 387 3756 apud
405 3691 583 3756 Wassinhurp
600 3695 719 3741 caurum
735 3692 860 3756 capilum·
877 3707 962 3742 mense
974 3690 1117 3742 Novembri
1128 3691 1292 3742 Coloniaeees
1303 3689 1433 3756 Philippo

311 3763 370 3826 rapi
384 3777 420 3814 se
444 3762 586 3815 subiciunt.
630 3760 672 3825 Of,
695 3759 934 3813 Bihmer-Falrer
954 3777 998 3816 nr.
1018 3761 1157 3816 mann,
1200 3761 1272 3813 Sane
1288 3760 1434 3827 Phiiippus

311 3835 391 3884 etiam
409 3834 571 3887 ann01201.
590 3833 664 3882 circa
675 3832 815 3884 Mosellam
830 3839 1022 3900 pupnaaerat;
1039 3833 1075 3895 cs.
1090 3833 1287 3897 Winlcelmann,
1303 3831 1432 3898 ‘Philipp'

309 3921 336 3971 p.
350 3905 411 3959 208.
442 3903 545 3969 Nescio,
562 3919 599 3954 an
615 3903 658 3955 itia
672 3904 742 3955 duae
757 3904 818 3954 illae
836 3905 1012 3970 expeditiones
1027 3904 1240 3967 confundantur.
1295 3903 1323 3970 4)
1339 3902 1432 3956 Falso.
1450 3913 1478 3952 ιο

312 3975 373 4026 Iam
388 3980 467 4026 antea
479 3991 565 4027 mense
576 3974 711 4026 Ianuario
727 3976 796 4026 anai
808 3978 887 4030 1205.
898 3974 1043 4042 Philippus
1055 3977 1260 4041 Aquispranum
1272 3977 1433 4038 intrauerat,

311 4046 358 4096 ubi
375 4047 404 4096 in
423 4047 490 4110 festo
507 4047 667 4114 epiphaniae
684 4045 717 4096 ab
735 4046 835 4110 Adolfo
852 4046 1048 4112 archiepiscopo
1066 4061 1125 4096 cum
1149 4060 1234 4098 usare
1251 4044 1347 4096 Maria
1372 4059 1433 4096 con·

310 4121 430 4168 senatus
448 4124 503 4182 est,·
526 4118 563 4181 cf.
582 4117 825 4169 Bitiam-Ficta·
841 4133 885 4171 nr.
904 4119 972 4172 89².
1063 4116 1090 4185 5)
1117 4117 1189 4180 Quae
1206 4118 1311 4182 nepaia
1336 4121 1433 4167 aestate

312 4189 382 4239 anni
399 4191 476 4244 1207.
496 4190 613 4240 tractari
629 4194 785 4256 commun&
809 4188 845 4251 cf.
865 4187 1061 4251 Winitelmann,
1079 4187 1212 4253 ‘Philipp’
1226 4204 1256 4253 p,
1269 4189 1323 4241 414
1334 4203 1390 4254 sqq.
1408 4190 1434 4237 et

311 4259 419 4325 Hauclc,
439 4258 724 4325 ‘Kireltanpestbicltte’
742 4259 794 4324 IV,
808 4275 839 4325 p.
853 4261 906 4314 719
918 4275 974 4326 sqq.
1028 4260 1057 4327 6)
1076 4259 1246 4310 Innocentius
1264 4258 1320 4312 ΙΙΙ.
1338 4258 1433 4324 ano-
1450 4266 1477 4306 es

311 4333 398 4383 linum
413 4331 577 4382 tarditatem
592 4332 741 4396 episcopum
756 4328 901 4383 Ostiensem
913 4338 937 4382 et
948 4330 1060 4382 Leonem
1073 4329 1235 4382 cardinalem
1245 4330 1433 4396 presbyterum

311 4403 387 4454 titul-i
403 4417 424 4456 s,
445 4401 538 4454 (hamis
560 4402 661 4467 legatos
685 4403 715 4452 in
734 4401 909 4452 Germaniam
931 4404 1052 4466 miserat,
1078 4401 1213 4452 adiunctis
1237 4403 1275 4452 eis
1297 4400 1434 4466 Wolfpera

312 4473 496 4540 Aquilepiensi
512 4477 536 4523 et
554 4471 715 4523 Bianoris
732 4471 773 4528 II.
791 4471 1003 4538 Salisburpensi.
1075 4473 1103 4540 7)
1123 4472 1225 4524 Scilicet
1241 4487 1325 4538 papa.
