3284 5150
532 533 714 591 ANNAnss
733 533 1024 590 Mnassnonnsns
1301 535 1336 591 61

1349 698 1426 751 1190.

327 721 428 784 Anno
459 718 600 784 Domini
622 717 785 782 MCXO.⁸
828 717 935 782 Beate
965 717 1126 782 memorie
1153 716 1339 782 Heinricus
1350 767 1459 808 „mm

220 808 483 894 Argentinensis
507 806 687 891 episcopus
713 808 749 870 in
781 806 1046 871 annuntiatione
1076 808 1194 870 nancte
1217 805 1337 883 Marie,

220 899 276 963 die
300 899 437 982 pasche,
462 916 504 962 ex
519 897 585 960 hac
601 897 679 960 luce
695 895 874 979 migravit;
894 896 952 960 cui
967 893 1147 959 Orinradus
1163 895 1337 960 successit.

328 985 456 1050 Eodem
482 1005 573 1048 anno
596 1005 656 1050 rex
679 984 823 1048 Francie
854 987 889 1048 et
919 1004 979 1048 rex
1003 983 1129 1066 Anglie
1160 987 1196 1048 et
1226 1004 1339 1048 comes

188 1073 407 1139 ellandriel
430 1094 522 1139 mare
545 1074 727 1138 transituri
749 1073 817 1138 iter
841 1073 1021 1156 arripiunt.
1060 1072 1105 1135 In
1127 1093 1195 1155 quo
1215 1073 1339 1136 itinere

220 1183 319 1248 reges
343 1163 489 1246 predicti
505 1162 732 1226 obtinuerunt
748 1182 769 1226 a
783 1182 864 1245 rege
881 1161 1056 1237 Heinrioo,
1074 1164 1114 1225 ut
1130 1161 1340 1226 conductum

222 1257 257 1317 et
296 1271 415 1335 pacem
451 1271 512 1334 per
546 1271 662 1316 omnes
700 1255 810 1315 terras
848 1271 928 1315 suas
966 1271 1085 1315 secure
1123 1249 1340 1334 procedendo

222 1341 390 1405 haberent
420 1343 455 1405 et
488 1339 597 1404 nichil
632 1333 695 1404 deb
731 1360 793 1404 suo
829 1340 950 1404 ubiubi
984 1339 1139 1403 locorum
1172 1339 1339 1404 lederent.

222 1429 268 1492 nt
291 1448 351 1493 rex
365 1429 494 1512 Anglie
518 1429 680 1513 precipue
704 1448 765 1512 per
789 1449 868 1492 suos
891 1428 1064 1512 principes
1086 1427 1224 1504 iuravit,
1249 1428 1341 1510 quod

178 1541 204 1581 ιο
221 1538 390 1601 nusquam
415 1519 446 1582 ei
470 1518 636 1583 molestus
660 1521 759 1582 esset.
807 1516 909 1597 Quod
936 1517 1103 1582 mentitus
1134 1519 1196 1581 est.
1249 1515 1340 1579 Nam

221 1608 294 1691 ipse
333 1607 473 1671 veniens
507 1607 716 1671 Messinam2
750 1607 927 1671 civitatem
960 1607 996 1669 vi
1030 1605 1123 1690 cepit
1161 1609 1196 1670 et
1231 1604 1342 1668 multa

221 1695 314 1761 mala
337 1695 469 1760 civibus
490 1696 622 1759 intulit.
670 1694 770 1760 Unde
793 1695 920 1760 timens
942 1694 1141 1759 Tancradus
1163 1697 1341 1778 tyrannus,

222 1785 282 1867 qui
310 1805 456 1868 regnum
480 1783 605 1868 Sycilie
635 1787 713 1868 post
744 1786 890 1864 mortem
916 1778 1094 1848 Wilhelmi
1124 1781 1251 1868 Syculi,
1283 1783 1342 1864 qui

224 1874 297 1938 sine
320 1872 401 1937 filiis
424 1873 558 1938 obierat
567 1873 589 1951 ³,
621 1893 682 1957 per
708 1872 806 1937 dolos
837 1876 873 1937 et
903 1872 1122 1958 tyrannidem
1153 1871 1220 1936 sibi
1248 1891 1343 1935 usur-

180 1984 206 2024 ιο
224 1964 377 2045 paverat,
407 1962 499 2044 quod
530 1962 695 2027 Heinrico
718 1962 952 2027 Romanorum
982 1962 1056 2045 regi
1086 1964 1228 2045 propter
1257 1959 1342 2024 Ocn-

225 2050 390 2114 stantiam
412 2071 554 2116 uxorem
577 2071 674 2114 suam
696 2051 771 2114 iure
796 2050 997 2129 debebatur,
1028 2053 1169 2133 pactum
1195 2069 1343 2132 nequam

225 2159 303 2202 cum
327 2158 367 2202 eo
390 2138 476 2204 fecit
499 2142 535 2203 et
559 2139 707 2223 plurima
730 2139 821 2203 dona
844 2139 920 2203 auri
942 2142 978 2204 et
1001 2139 1147 2222 argenti,
1175 2137 1344 2201 frumenti

113 2230 280 2302 ⁸2.1u.et⁰
304 2227 376 2290 vini
399 2226 465 2291 sibi
488 2227 592 2305 misit,
617 2226 674 2292 *ne
698 2227 801 2290 aliam
825 2229 959 2311 partem
983 2227 1109 2311 Sycilie
1139 2226 1343 2290 destrueret.

333 2314 461 2381 Eodem
502 2336 593 2380 anno
631 2315 819 2400 imperator
857 2319 893 2381 et
931 2315 1104 2400 peregrini
1144 2315 1182 2378 in
1220 2312 1345 2378 Grecis

180 2427 208 2466 ro
225 2405 427 2490 hyemantes
465 2411 501 2469 et
539 2405 665 2489 partim
707 2405 895 2470 estivantes
933 2405 1093 2469 civitates
1137 2402 1271 2468 nobiles
1309 2407 1345 2468 et

226 2493 368 2558 castella
402 2493 534 2579 optima
562 2495 732 2578 quaedam
763 2492 886 2560 Greeie
920 2495 1088 2579 ceperunt
1121 2495 1158 2557 et
1186 2491 1344 2556 Iconium

226 2583 361 2648 soldani
384 2587 490 2667 caput
518 2584 617 2667 regni
646 2587 787 2667 propter
817 2584 999 2648 mentitam
1030 2582 1096 2647 sibi
1126 2583 1229 2647 fidem
1259 2581 1345 2645 obti-

226 2676 378 2737 nuerunt
407 2671 554 2737 viriliter
585 2673 815 2757 expugnando
845 2692 954 2756 usque
985 2672 1029 2737 ad
1057 2672 1167 2755 ipsam
1198 2670 1343 2736 arcem⁴.

227 2759 352 2824 Postea
375 2760 493 2843 paucis
515 2760 707 2826 interiectis
728 2761 860 2839 diebus
878 2762 1012 2827 scilicet
1026 2760 1102 2824 XV.
1120 2760 1200 2825 Kal.
1216 2758 1344 2837 Iunii⁶,
1355 2782 1451 2822 uacua

182 2869 209 2909 as
227 2848 326 2911 divus
349 2849 538 2932 imperator
560 2848 755 2914 E‘riderious
778 2850 866 2914 obiit
894 2851 932 2913 in
955 2850 1105 2933 quadam
1134 2870 1224 2932 aqua
1253 2849 1472 2931 quodannis.)

227 2939 370 3000 vocatur
402 2936 568 3001 nenum⁶
601 2937 797 3001 submersus
831 2941 868 3002 et
901 2938 1113 3003 Anthiochie
1147 2937 1314 3022 sepelitur
1324 2936 1345 2999 ⁷.

229 3024 297 3089 Sed
326 3022 419 3088 filius
449 3026 522 3090 eius
551 3025 747 3089 Fridericus
780 3026 819 3089 in
852 3026 928 3091 loco
963 3026 1037 3091 eius
1072 3027 1142 3089 dux
1176 3026 1346 3091 exercitus

228 3112 462 3177 constituitur.
531 3113 584 3179 De
629 3118 740 3179 morte
777 3134 859 3179 vero
903 3114 1121 3198 imperatoris
1159 3113 1347 3197 plurimum
1419 3142 1422 3147 ·

228 3201 384 3267 dolentes
423 3202 542 3267 statim
587 3205 691 3267 nacta
729 3203 965 3287 oportunitate
1009 3202 1136 3267 reverti
1182 3206 1348 3285 ceperunt

183 3311 210 3351 so
227 3311 329 3373 quam
364 3290 515 3376 plurimi.
563 3291 752 3357 Venientes
785 3292 927 3357 tandem
958 3290 1190 3376 Antyochiam
1222 3290 1347 3373 reliqui

229 3380 402 3465 peregrini
447 3379 652 3463 aliquandiu
689 3381 816 3445 morati
861 3384 943 3445 sunt
979 3380 1039 3446 ibi.
1105 3379 1151 3444 lit
1188 3380 1347 3464 princeps

228 3468 444 3553 Antyochie8
459 3469 651 3534 hominium
666 3469 753 3534 fecit
769 3470 850 3534 duci
865 3469 941 3535 loco
956 3470 1174 3553 imperatoris
1189 3469 1346 3545 Romani,

228 3556 422 3622 iuramento
461 3560 497 3622 et
531 3558 659 3643 scripto
693 3558 866 3643 privilegii
904 3559 1111 3624 confirmans
1144 3578 1278 3642 semper
1312 3578 1348 3622 se

230 3692 251 3744 a)
265 3692 303 3733 XO
317 3694 340 3733 tn
354 3694 398 3734 loco
412 3704 470 3735 raso.
525 3694 548 3747 b)
562 3692 591 3735 de
605 3694 633 3734 de
646 3706 664 3738 c.
718 3695 738 3747 c)
752 3700 776 3735 et
789 3695 863 3734 eadm
875 3707 942 3734 manu
950 3699 1028 3744 postea
1041 3696 1147 3737 additum.

185 3809 212 3851 tt
231 3799 257 3864 l)
275 3798 428 3866 Philippus.
512 3801 541 3867 2)
561 3802 601 3854 De
619 3801 737 3854 ricardo
754 3817 814 3868 repe
832 3804 863 3854 in
880 3801 974 3854 Sicilia
989 3809 1167 3855 commorante
1184 3803 1220 3865 ef.
1240 3799 1349 3865 Gsuhn,

231 3869 295 3921 ‘Der
321 3870 470 3937 Kreuzzuo
499 3870 636 3924 Richards
661 3871 695 3925 Ι]
718 3888 747 3938 p.
776 3874 809 3927 2'1'
829 3888 883 3940 sqq.
915 3878 938 3925 et
968 3873 1132 3936 domums,
1159 3872 1279 3939 ‘Philipp
1306 3870 1347 3925 II.

230 3939 349 4007 Aepust’
368 3940 408 4007 II,
428 3957 459 4008 p.
479 3943 531 3996 126
542 3956 597 4008 sqq.
670 3942 698 4008 3)
725 3942 776 3994 Die
802 3945 845 3999 18.
861 3942 1017 3996 Novembris
1041 3959 1066 3997 a.
1087 3944 1165 3998 1189.
1242 3940 1271 4011 4)
1298 3940 1350 3993 Die

231 4012 273 4066 18.
292 4012 365 4063 Maii
385 4026 411 4067 a.
431 4013 501 4067 1190
523 4011 566 4081 (=
585 4010 650 4066 XV.
669 4010 733 4067 Kal.
752 4012 847 4083 Iunii).
936 4014 965 4081 5)
987 4014 1088 4073 Falso:
1104 4013 1261 4065 Marma
1278 4013 1349 4063 enim

229 4081 281 4138 IV.
300 4081 344 4137 Id.
362 4079 436 4135 Iunii
455 4083 509 4148 (dic
528 4084 569 4139 10.
588 4083 676 4146 Iunii)
693 4083 846 4137 submersus
862 4092 921 4148 «εἰς
945 4085 1084 4137 annalma
1104 4084 1173 4137 diem
1191 4084 1277 4135 Iconii
1300 4099 1348 4135 ec-

184 4166 212 4205 .
227 4154 769 4289 meac
783 4157 852 4279 a·
865 4154 1350 4279 aare

230 4241 572 4363 impericips'upmiripta
595 4302 619 4349 et
643 4242 712 4349 dudm
736 4268 945 4365 ecpuynotionis
967 4296 1126 4364 sanificans
1149 4241 1350 4348 nauffinna}

230 4367 479 4419 rememorata
502 4369 546 4421 eit.
636 4367 664 4432 d)
689 4368 729 4419 Do
747 4366 795 4421 hoc
811 4370 917 4421 nominc
934 4370 967 4432 cf.
986 4368 1094 4421 Rt'ezler
1110 4370 1141 4419 in
1159 4364 1278 4419 ‘Ferret
1297 4381 1350 4416 zur

231 4438 377 4491 Danaen„
396 4438 497 4492 Gcach!
515 4438 551 4505 X,
573 4454 604 4505 p.
624 4440 684 4504 126,
707 4454 734 4494 n.
752 4441 779 4493 4.
864 4438 891 4508 7)
910 4440 951 4490 Dc
967 4440 1107 4505 sopolim
1125 4439 1297 4503 imperatoris
1313 4437 1348 4500 cs.

186 4518 214 4558 45
231 4523 255 4563 v.
264 4508 369 4561 Simeon
378 4509 453 4576 apud
462 4525 485 4564 v.
498 4509 670 4577 Gicacbrccht
681 4509 854 4562 ‘Kaiscrzeit'
866 4510 913 4576 VI,
923 4511 1020 4577 pm
1077 4510 1106 4577 8)
1112 4506 1283 4562 Boemunduc
1292 4505 1349 4561 III.
