3284 5150
319 514 356 569 86
636 508 818 564 ANNALES
836 506 1128 564 MARBAcaNSES.

233 701 312 756 1215.
429 694 558 758 Eodem
583 714 675 757 anuo
698 692 874 758 celebrata
896 695 949 757 est
972 695 1093 757 saneta
1114 691 1319 756 universalis
1346 712 1442 775 syno-

323 781 409 847 dus¹
439 782 547 847 Rome
577 782 614 845 in
645 782 790 863 ecclesia
815 781 1003 845 Salvatoris
1034 801 1122 864 quae
1154 780 1444 845 Constantiniana

256 894 310 936 nn.
322 874 466 935 vocatur
488 890 604 936 mense
628 870 826 946 Novembri,
853 869 1049 955 presidente
1073 870 1213 934 domino
1237 869 1443 933 Innocentio

322 960 393 1023 ΙΙΙ.
417 981 516 1045 papa,
541 959 765 1043 pontificatus
789 958 863 1023 eius
886 980 977 1023 anno
993 958 1130 1035 XVIII,
1154 958 1191 1022 in
1216 978 1284 1041 qua
1298 958 1444 1023 fuerunt

322 1049 474 1133 episcopi
497 1047 714 1113 OCOOXV2.
761 1047 859 1113 Inter
882 1068 966 1131 quos
990 1048 1182 1113 extiterunt
1205 1047 1247 1111 de
1270 1047 1444 1130 precipuis
1462 1068 1481 1107 s

322 1138 528 1222 patriarchis
552 1138 631 1215 duo,
655 1136 818 1201 videlicet
843 1135 1272 1221 Constantinopolitanus²
1294 1140 1331 1199 et
1353 1136 1444 1199 Iero-

322 1226 571 1290 solimitanus³.
625 1224 896 1309 Anthyooenus⁴
918 1228 1034 1290 autem
1066 1226 1164 1309 gravi
1192 1223 1359 1307 languore
1390 1224 1445 1288 de·

322 1317 440 1380 tentus
469 1314 587 1378 venire
616 1335 687 1378 non
717 1314 851 1398 potuit,
886 1314 946 1379 sed
980 1314 1076 1377 misit
1110 1334 1172 1397 pro
1206 1333 1242 1377 se
1276 1312 1445 1378 vicarium

322 1402 596 1467 Anteradensem
642 1403 842 1486 episcopum
852 1401 873 1464 ⁶.
942 1402 1221 1467 Alexandrinus⁶
1258 1421 1338 1466 vero
1380 1401 1445 1466 sub

323 1490 590 1557 Sarracenorum
625 1491 778 1555 dominio
814 1491 1025 1555 constitutus
1063 1491 1150 1555 fecit
1187 1491 1279 1574 quod
1317 1491 1444 1574 potuit,
1465 1512 1497 1550 ro

323 1580 465 1645 mittens
496 1601 558 1664 pro
593 1600 629 1645 se
660 1580 841 1644 diaconum
873 1600 1075 1662 germanum
1104 1600 1215 1643 suum.
1273 1578 1445 1643 Primates

322 1672 440 1734 autem
463 1672 499 1734 et
523 1668 781 1753 metropolitani
797 1668 896 1731 LXX
918 1690 1018 1733 unus.
1058 1668 1219 1733 Ceterum
1241 1667 1386 1732 abbates
1409 1671 1446 1732 et

321 1758 451 1843 priores
466 1758 561 1822 ultra
572 1756 707 1835 Dodo&
725 1760 986 1841 procuratorum
1002 1777 1083 1821 vero
1097 1757 1444 1840 archiepiscoporum,

323 1847 572 1930 episcoporum,
597 1846 773 1923 abbatum,
799 1847 962 1929 priorum,
987 1846 1218 1929 capitulorum
1248 1844 1444 1910 absentium

322 1955 392 1998 non
426 1935 497 1999 fuit
531 1938 645 1999 certus
681 1955 845 1999 numerus
883 1936 1161 2017 comprehensus.
1219 1933 1443 2017 ‘Legatorum
1465 1954 1492 1993 rs

321 2043 403 2088 vero
437 2024 529 2107 regis
564 2023 690 2107 Sycilie
724 2024 762 2086 in
793 2017 1009 2088 Romanumb
1048 2024 1291 2107 imperatorem
1330 2023 1443 2100 electi,
1464 2009 1561 2060 ’Μῃ-

321 2112 539 2196 imperatoris
564 2111 974 2195 Constantinopolitanv,
1000 2112 1091 2195 regis
1115 2112 1322 2190 Frantie⁰·⁸‚
1353 2113 1445 2195 regis

321 2200 449 2286 Anglie
459 2201 480 2279 ⁹,
516 2201 607 2284 regis
642 2201 794 2284 Ungarie
805 2200 842 2277 ¹⁰,
877 2201 968 2284 regis
1002 2200 1272 2265 Ierosolimitani
1282 2200 1318 2279 11,
1354 2201 1445 2285 regis

323 2290 427 2375 Cypri
437 2289 473 2367 1²,
501 2291 592 2374 regis
616 2289 855 2373 Aragonum¹³
877 2310 941 2354 nee
970 2310 1041 2354 nou
1071 2289 1217 2353 aliorum
1248 2290 1445 2374 principum

321 2383 358 2443 et
373 2381 584 2463 magnatum,
603 2379 784 2442 civitatum
801 2378 906 2443 etiam
923 2378 1136 2462 aliorumque
1152 2377 1307 2442 locorum
1322 2378 1445 2461 ingens
1464 2399 1493 2437 eo

320 2468 391 2531 fuit
414 2468 615 2531 multitude.

233 2563 311 2618 1211.
429 2556 521 2620 Ante
545 2559 702 2640 tempora
724 2556 828 2619 huius
853 2556 990 2620 concilii
1019 2556 1092 2621 fere
1121 2556 1273 2620 triennio
1284 2554 1312 2595 14
1334 2556 1445 2639 dispo-

280 2679 284 2687 ·
321 2647 426 2709 nente
450 2644 536 2720 De0,
560 2646 619 2726 qui
643 2665 743 2708 verus
767 2649 819 2708 est
843 2644 1004 2727 agricola,
1034 2647 1175 2728 quidem
1205 2645 1366 2729 palmites
1395 2646 1444 2709 in·

173 2757 237 2796 cane.
249 2758 268 2806 a,
277 2757 310 2797 rs.
320 2733 493 2797 fructuosi
516 2733 639 2816 precisi
662 2736 744 2797 sunt
767 2734 811 2797 ab
835 2733 980 2813 ecelesia
997 2733 1063 2798 Dei
1086 2737 1122 2798 et
1144 2733 1289 2798 subdole
1312 2733 1443 2818 vulpes,

322 2842 409 2905 quae
434 2821 670 2886 demoliuntur
692 2822 828 2886 vineam
844 2822 995 2898 Domini,
1014 2823 1162 2887 extracti
1178 2827 1260 2887 sunt
1276 2824 1318 2888 de
1333 2823 1445 2887 foveis
1464 2842 1492 2882 es

321 2911 401 2988 suis,
434 2912 499 2975 hoc
527 2914 579 2974 est
609 2905 790 2988 herennii,
821 2911 881 2993 qui
910 2930 1070 2994 perverso
1101 2911 1263 2994 dogmate
1294 2911 1445 2977 latenter

320 2999 493 3066 seducunt
516 2999 635 3065 fideles
660 2999 835 3083 ecclesiae,
861 3000 1098 3082 comprehensi
1122 3003 1204 3064 sunt
1235 3000 1271 3063 in
1302 3001 1444 3066 civitate

319 3227 342 3274 a)
360 3226 423 3264 eder-i
440 3225 518 3274 tontes,
537 3227 575 3274 qui
593 3236 620 3264 aa
638 3226 711 3264 endem
728 3225 814 3264 concilii
831 3225 935 3263 relatione
953 3225 1078 3275 tuumne,
1098 3247 1123 3255 -
1137 3230 1228 3274 praeter
1246 3227 1293 3268 cod.
1309 3227 1444 3266 sanonum

320 3278 388 3316 0214
406 3278 445 3324 (ef.
465 3277 527 3324 intra
545 3290 566 3320 n.
583 3281 604 3326 1)
624 3299 648 3307 —
668 3289 780 3316 riumerum
798 3277 915 3317 ccccm
933 3279 1039 3319 indicant.
1106 3279 1129 3330 b)
1147 3280 1224 3318 meiius
1242 3280 1401 3330 Romanorum,
1420 3284 1444 3318 ut

317 3329 556 3429 ganpegrslpietrgheet
570 3331 658 3373 Rieher.
673 3331 750 3372 Senon.
766 3332 863 3370 tradam.
932 3331 953 3383 a)
971 3333 1004 3371 ita
1019 3343 1037 3371 c.
1106 3331 1130 3384 d)
1144 3337 1197 3382 post
1215 3343 1286 3371 vocem
1303 3334 1362 3372 lona
1379 3345 1444 3372 rasus
1462 3336 1491 3376 30

317 3559 345 3629 1)
366 3559 439 3622 Quae
455 3566 606 3626 amnentur
623 3565 718 3612 nudor
735 3560 865 3612 relatione
886 3576 919 3612 ea
939 3564 1008 3613 actis
1033 3563 1139 3614 concilii
1162 3568 1284 3614 extranta
1309 3569 1333 3616 et
1356 3564 1444 3615 ubivis

313 3633 434 3697 gentium
459 3637 617 3697 propaginis
646 3631 790 3698 desumpsit
797 3647 809 3695 ,·
839 3632 876 3694 cf.
903 3631 1110 3699 Winleelmann,
1140 3633 1209 3685 ‘otto
1235 3635 1256 3685 I
1258 3634 1298 3689 V!
1321 3651 1351 3701 p.
1380 3637 1440 3689 513.

316 3701 479 3768 Nuperrime
503 3718 526 3756 o.
548 3702 578 3755 ci.
604 3703 638 3757 A.
661 3702 797 3754 Luchaire
821 3703 967 3767 (Journal
990 3704 1035 3755 dee
1059 3703 1185 3772 Souania,
1211 3706 1336 3758 Nouoelle
1359 3706 1441 3758 eera’

316 3772 372 3839 III,
391 3788 420 3838 p.
440 3773 507 3836 557)
526 3788 559 3824 ex
580 3774 636 3828 cod.
657 3773 747 3828 Turia.
769 3773 855 3828 0214
872 3775 1022 3839 malopem
1040 3778 1159 3826 oninium
1180 3777 1370 3842 praelatorem
1394 3779 1443 3844 qui
1460 3786 1489 3826 ³5

315 3844 424 3897 concilio
436 3843 614 3897 Laiercmei
632 3846 747 3897 aderant
764 3847 856 3911 edidit,
872 3847 1012 3910 repetitum
1027 3845 1070 3899 (Ν.
1084 3846 1198 3898 Archio'
1211 3847 1321 3914 XXXI,
1335 3864 1365 3913 p.
1379 3850 1440 3902 584

314 3916 344 3982 2)
376 3915 529 3970 Gnvasiue.
637 3916 664 3982 3)
690 3916 841 3981 liedulfus.
949 3915 978 3985 4)
1005 3915 1110 3971 Peioris.
1220 3918 1248 3987 5)
1276 3919 1440 3974 Bandinum.

315 3985 343 4054 6)
361 3985 497 4040 Nicolaue.
583 3986 610 4055 7)
628 3987 756 4040 Heinrici.
841 3989 870 4054 8)
891 3986 1019 4053 Philippi
1036 3989 1160 4054 Auqusii.
1251 3990 1279 4055 9)
1299 3989 1439 4044 Iohannis.

316 4055 361 4122 10)
383 4056 509 4108 Andreae
528 4057 567 4112 ΙΙ.
676 4059 720 4124 11)
748 4057 881 4110 [chamna
905 4059 938 4109 de
964 4059 1089 4114 Brienne.
1200 4059 1244 4126 12)
1268 4059 1393 4126 Huponie
1414 4061 1440 4116 1.

316 4125 360 4194 13)
386 4126 485 4185 Iaeobi,
571 4128 615 4197 14)
640 4130 719 4180 Anno
739 4131 825 4195 12113
850 4131 884 4194 cf.
909 4128 1108 4195 Winiceimann,
1135 4129 1214 4182 ‘ono’
1234 4149 1263 4198 p.
1281 4134 1335 4186 343
1359 4147 1387 4184 n.
1408 4135 1439 4199 13
1457 4142 1486 4182 ιο

313 4195 428 4262 Hauclc,
455 4197 727 4263 ‘Kirchenpesehichte
751 4199 960 4252 Denieciilands'
986 4201 1037 4267 IV,
1062 4218 1092 4267 p.
1115 4203 1176 4256 867.
1203 4201 1349 4254 mendieos
1375 4203 1440 4255 illos

320 4267 474 4320 Waldenses
491 4269 611 4324 credidit.
629 4299 665 4308 -
683 4270 819 4323 Adversus
837 4271 983 4324 inermos
1001 4272 1104 4323 iudicia
1122 4289 1209 4339 aquae
1226 4275 1353 4340 friyedae,
1366 4275 1442 4336 ferri

314 4339 452 4392 candentis
480 4341 521 4391 vei
550 4340 633 4391 duelli
661 4341 784 4393 adhiberi
809 4341 935 4408 prohibei
964 4343 1137 4394 Innocentius
1167 4344 1223 4398 III.
1260 4347 1291 4395 in
1326 4345 1439 4410 epistola

313 4425 341 4464 a.
371 4412 448 4465 1212.
486 4411 528 4462 die
564 4413 588 4465 9.
619 4411 751 4464 Ianuarii
782 4415 819 4464 ad
848 4415 998 4481 episcopum
1027 4413 1187 4466 Heinricum
1218 4417 1439 4481 Arymiinenaem

314 4481 399 4532 misac
417 4481 670 4545 (Borma-Fene
687 4499 730 4537 nr.
749 4484 865 4550 61160).
1455 4495 1484 4536 4⁶
