3284 5150
316 491 353 545 88
617 478 816 536 «Anninus
835 475 1129 534 maurenasca.

229 651 392 734 ¹²¹⁸·tam
414 669 452 731 in
475 666 596 751 vigilia
618 665 713 731 beati
731 661 991 728 Bartholomei1
1015 662 1245 745 expugnando
1267 662 1446 744 ceperunt,

319 758 526 842 quibusdam
549 755 599 819 ibi
623 755 665 819 de
696 753 825 818 nostris
855 750 1081 837 pereuntibus
1111 771 1173 835 per
1202 749 1448 833 compendium

207 721 264 770 Auo.
274 721 308 763 it.

320 846 455 923 mortis,
492 845 552 909 sed
585 843 623 907 in
658 841 755 919 celis,
790 844 832 904 ut
867 840 1052 915 credimus,
1092 839 1281 903 consociati
1316 838 1447 902 sanetis

232 943 310 998 1219.
321 934 463 1019 angelis.
510 934 637 998 Postea
659 951 740 996 vero
765 932 963 1014 expugnata
986 928 1151 994 civitate²
1175 931 1210 992 et
1238 927 1333 991 brevi
1362 929 1448 991 tem·

232 1044 404 1109 (rumpere
428 1021 646 1106 exigentibus
670 1020 820 1104 peccatis
845 1039 963 1083 eorum
987 1022 1084 1082 eama
1103 1018 1294 1081 retinentes
1317 1016 1484 1080 iteratos

231 1112 548 1198 1221.perdiderunt
587 1130 668 1175 casu
706 1107 941 1183 lamentabili,
986 1106 1078 1171 'sicut
1117 1106 1272 1190 hystoria
1312 1097 1441 1169 refertb

322 1203 426 1265 huius
441 1200 493 1265 rei
509 1201 605 1284 geste
615 1198 637 1259 ³.
676 1196 773 1262 Alias
790 1200 826 1261 et
842 1217 903 1281 per
919 1196 1014 1273 alios,
1032 1194 1182 1278 qualiter
1199 1196 1264 1258 hoc
1281 1194 1445 1270 evenerit,

323 1290 474 1375 pleniter
512 1290 689 1354 exaratum
730 1288 797 1363 est,
838 1285 928 1349 sicut
966 1285 1003 1347 in
1042 1284 1189 1349 armario
1227 1282 1448 1347 Novi-castri

235 1386 314 1440 1218.
325 1378 472 1461 diligens
496 1377 606 1442 lector
628 1375 782 1440 invenire
805 1373 943 1459 poterit.

181 1490 255 1537 (aar.
270 1490 314 1539 ιι),
433 1466 514 1550 Ipso
538 1486 629 1529 anno
654 1465 723 1528 dux
747 1461 959 1527 Bertholdus
982 1462 1026 1527 de
1050 1462 1218 1545 Zeringen
1241 1461 1338 1527 obiit.
1469 1484 1499 1522 ιο

235 1552 314 1619 1220.
432 1556 535 1619 Anno
572 1552 769 1618 MOOXIX.
838 1551 1032 1615 Fridericus
1069 1571 1131 1615 rex
1176 1571 1238 1634 pro
1275 1548 1448 1633 imperiali

326 1643 568 1710 benedictione
583 1642 728 1707 Romam
753 1640 981 1724 proficiscitur
989 1640 1011 1716 ⁴,
1035 1639 1097 1703 ubi
1120 1639 1164 1703 ab
1181 1639 1337 1703 Honorio
1357 1659 1447 1722 papa

209 1756 311 1797 rocca
325 1734 416 1799 circa
438 1733 568 1797 festum
592 1731 692 1795 beate
717 1729 845 1795 Oecilie
875 1730 912 1791 in
941 1730 1184 1812 imperatorem
1214 1730 1446 1793 consecratur.

220 1844 311 1892 aaa.
431 1821 561 1885 Eodem
598 1818 726 1883 *anno⁶
760 1818 830 1881 dux
860 1817 1062 1901 Lotoringie
1098 1818 1141 1881 de
1176 1818 1356 1881 voluntate
1391 1815 1446 1881 vel

232 1916 493 1976 1218.eonsonsu
515 1909 606 1992 regis
629 1907 786 1973 Heinrici
809 1911 845 1971 et
869 1906 1022 1990 episcopi
1037 1906 1310 1989 Argentinensis,
1335 1925 1496 1990 semp-1⁶

322 2003 422 2063 turus
452 1998 622 2063 ultionem
654 1997 697 2062 de
726 1996 933 2080 quibusdam
963 1994 1225 2059 iniuriatoribus
1256 1996 1336 2072 suis,
1368 2014 1447 2057 cum

204 2146 313 2201 1221-
324 2088 435 2153 multo
459 2086 613 2153 exercitu
636 2085 808 2211 Alsatpam
831 2085 986 2188 intrauit.
1011 2173 1019 2187 ι

214 2218 297 2273 1²²4·
325 2268 364 2330 u
379 2174 1447 2351 addititii,·mintereseillinisti&

328 2355 549 2431 Sarracenos,
589 2354 649 2436 qui
686 2353 724 2416 in
758 2351 885 2415 finibus
920 2352 990 2415 suis
1025 2354 1190 2414 montana
1224 2352 1316 2414 circa
1353 2370 1446 2414 mare
1464 2373 1494 2411 eo

326 2443 495 2507 tenebant
518 2446 554 2507 et
577 2440 863 2526 inexpugnabiles
886 2440 960 2504 iere
984 2443 1092 2516 erant,
1123 2438 1234 2503 multo
1263 2439 1381 2503 labore
1410 2442 1447 2503 et

320 2531 447 2597 sudore
471 2534 543 2594 tam
568 2534 643 2595 arte
667 2550 770 2615 quam
801 2528 973 2614 sapientia
1002 2529 1047 2593 ad
1078 2528 1290 2594 deditionem
1322 2528 1445 2612 coegit,

322 2619 529 2704 quibusdam
553 2619 684 2696 occisis,
710 2618 786 2682 aliis
811 2619 853 2683 de
875 2622 970 2682 terra
993 2617 1056 2682 illa
1070 2618 1250 2682 translatis
1266 2620 1303 2682 et
1317 2617 1354 2680 in
1369 2618 1446 2682 loco

319 2708 415 2794 prius
445 2707 671 2772 inhabitabili
701 2707 825 2772 locatis
859 2707 920 2791 qui
949 2707 1054 2790 vulgo
1090 2708 1219 2772 dicitur
1249 2706 1413 2770 Hdberch
1425 2705 1445 2767 ⁷.

320 2797 433 2876 Quam
456 2800 587 2862 terram
611 2797 805 2861 excolentes
830 2799 866 2860 et
888 2796 1042 2861 fertilem
1066 2796 1262 2873 reddentes,
1288 2796 1492 2860 civitatense

249 2925 250 2930 κ
320 2889 355 2951 et
387 2884 515 2950 casalia
542 2884 620 2949 usui
653 2907 771 2951 eorum
800 2886 993 2950 necessaria
1024 2888 1292 2950 construxerunt
1323 2888 1358 2949 et
1388 2884 1447 2948 do·

321 2975 428 3039 minio
453 2975 671 3058 imperatoris
695 2977 777 3038 sunt
801 2975 959 3040 subiecti.

321 3149 343 3200 a)
361 3159 411 3188 eam
431 3149 504 3187 eadem
518 3159 584 3186 manu
597 3159 706 3197 eupereer.
788 3146 812 3198 b)
830 3148 908 3187 reteri,
932 3148 1003 3186 Huius
1017 3147 1052 3186 rel
1066 3151 1128 3195 geste
1143 3147 1200 3186 alias
1213 3147 1327 3195 distinguit
1340 3157 1359 3186 e.
1374 3156 1447 3185 errore

320 3202 442 3249 manifecte.
466 3202 551 3240 Littera
564 3202 586 3241 Η
600 3203 719 3241 maiuscula
734 3202 800 3240 iniria
810 3202 873 3250 picea
887 3205 924 3249 eei,
939 3205 963 3238 ui
973 3203 1043 3240 emera
1052 3200 1076 3238 in
1085 3201 1127 3240 icae
1137 3204 1203 3249 parte
1212 3201 1365 3239 sententiarum
1375 3200 1445 3242 initia.

319 3326 358 3378 ed.
375 3325 464 3376 Waiu
483 3341 514 3390 p.
534 3326 617 3388 347):
644 3324 799 3390 turrisque
825 3323 908 3377 clavis
926 3323 1052 3377 Damiate
1078 3327 1106 3376 et
1130 3327 1212 3393 porta
1236 3325 1324 3378 tocius
1343 3322 1446 3394 Egypti
1465 3335 1490 3374 ao

320 3396 413 3462 potest
437 3394 598 3462 nuncupari.
689 3394 716 3464 1)
748 3395 848 3447 Turris
868 3400 963 3462 pocius
987 3400 1017 3448 in
1041 3400 1104 3464 ipae
1128 3397 1171 3448 die
1196 3413 1218 3450 e.
1247 3397 1447 3448 BaribeImnaei

319 3472 399 3533 capia
423 3471 470 3518 eei.
559 3467 588 3532 2)
616 3467 750 3517 Damiatu
774 3467 816 3518 die
843 3469 867 3522 5.
886 3467 1043 3519 Nouembris
1069 3484 1094 3522 a.
1118 3469 1196 3524 1219.
1222 3472 1310 3535 capta,
1335 3468 1381 3519 aed
1404 3468 1446 3518 die

319 3539 345 3592 7.
365 3535 527 3604 Septembris
550 3552 577 3588 a.
597 3539 675 3591 1221.
695 3538 859 3590 Sarracenie
875 3540 982 3590 reddita
999 3545 1045 3592 eei.
1127 3539 1154 3606 3)
1182 3540 1325 3592 Auum-em
1343 3539 1386 3590 hie
1410 3537 1447 3589 ad

321 3607 422 3659 Oiieeri
444 3607 598 3660 Historiam
623 3609 821 3674 Damiaiiuam‚
846 3625 902 3661 nou
927 3611 964 3660 ad
988 3611 1130 3676 quamlibet
1154 3611 1275 3661 alierum
1299 3611 1331 3662 de
1355 3613 1447 3678 auimo

317 3678 387 3730 belle
413 3693 493 3730 sacro
520 3681 714 3730 narrationum
737 3685 857 3747 spectare
883 3681 1029 3732 uerisimile
1055 3687 1100 3734 esi.
1208 3680 1237 3751 4)
1265 3680 1357 3732 Menae
1383 3681 1447 3746 Sep·
1464 3689 1489 3728 es

314 3750 415 3802 cimbri
439 3766 465 3804 a.
484 3751 563 3805 1220.
587 3750 697 3802 Italiam
721 3754 860 3817 inprecans
882 3753 925 3804 die
950 3757 1058 3803 sannae
1076 3752 1206 3804 Caeciliae
1229 3759 1376 3804 coronatus
1399 3756 1445 3805 eri.

318 3819 347 3890 b)
375 3821 474 3874 Preeui
500 3821 580 3874 dubio
607 3821 650 3874 iic
674 3822 706 3873 de
730 3825 867 3874 invasione
892 3822 1039 3874 Theobuldi
1062 3824 1139 3874 ducta
1167 3838 1240 3874 enno
1265 3825 1343 3881 1218.
1371 3825 1446 3887 facia

320 3893 414 3960 agitur
431 3895 479 3959 (cf.
496 3892 695 3959 Winieelmann,
714 3891 783 3944 ‘ono
798 3892 860 3949 IV!
874 3910 903 3960 p.
915 3895 968 3948 456
975 3912 986 3956 ,·
1004 3895 1157 3946 ‘Friedrich
1172 3894 1221 3948 Π]
1238 3894 1263 3960 1,
1281 3911 1311 3961 p.
1330 3897 1446 3961 5⁸ii·)i

318 3965 389 4030 quod
416 3971 512 4016 anaor
536 3965 568 4016 cie
594 3979 721 4017 censeam
746 3964 871 4017 Heimici
894 3966 1099 4031 Arpiniimneie
1124 3969 1239 4032 episcopi
1265 3970 1365 4016 narrat
1391 3979 1446 4015 nen

314 4036 428 4086 omnine
445 4035 515 4086 mibi
532 4037 694 4088 reiciendum
711 4037 824 4102 amarer,
842 4040 965 4102 quemvis
981 4039 1072 4088 minue
1089 4043 1157 4089 recte
1175 4037 1335 4088 Heinrieum
1358 4051 1445 4102 regem
1461 4047 1486 4085 ιο

319 4119 393 4156 anno
412 4107 489 4160 1220.
507 4107 615 4158 demum
632 4108 738 4160 eiectum
757 4113 945 4161 eernmemorei.
1021 4106 1049 4176 6)
1068 4107 1179 4160 Proelia
1197 4124 1257 4160 eum
1275 4107 1445 4172 Sarracenie,

319 4189 386 4242 quae
403 4175 561 4228 eumcum
583 4180 664 4229 annia
684 4180 869 4233 1221-1224.
889 4181 919 4229 in
936 4193 1019 4244 reguo
1037 4179 1127 4231 Siculo
1145 4182 1234 4245 aerei,
1253 4179 1296 4230 bie
1313 4181 1344 4230 in
1361 4194 1445 4229 unum

319 4245 587 4312 comprehenduntur.
660 4247 687 4318 7)
708 4249 817 4302 Cercetii
836 4249 1005 4302 Sarracenos
1022 4265 1056 4301 ee
1072 4251 1167 4301 Sicilie
1185 4251 1280 4301 insuia
1299 4251 1335 4301 ad
1348 4254 1445 4315 peries

319 4317 436 4384 Apuliae
454 4319 528 4384 apud
540 4319 684 4372 Iniuriam
702 4321 852 4373 translatae
870 4336 943 4382 ease·
962 4325 992 4372 ai
1010 4335 1077 4386 quae
1095 4327 1185 4373 neeier
1196 4323 1228 4372 de
1239 4318 1365 4372 Heium
1379 4325 1403 4371 ci
1414 4321 1444 4371 de

314 4390 542 4515 ilerrae5cuiiure
567 4395 675 4457 ner-rai,
701 4391 815 4444 obscure
840 4396 920 4455 eunl;
944 4393 979 4456 cf,
1005 4391 1203 4458 Winiceimunn,
1225 4391 1377 4443 ‘Friedrich
1396 4390 1445 4445 ll!
1461 4399 1485 4438 ee

336 4497 344 4524 r
365 4476 396 4526 P·
433 4462 514 4527 3739·
1402 4460 1405 4464 ¹
