3284 5150
313 545 349 600 70
631 539 813 595 ANNALES
831 537 1123 596 MARBAOENSES.

226 731 305 787 1197.
315 727 396 810 igne
420 725 574 801 eremari,
598 724 764 808 quosdam
787 724 826 786 in
848 743 943 788 mare
966 724 1076 806 mergi
1101 723 1203 787 iussit
1212 722 1234 785 ¹.
1288 722 1442 788 Proinde

316 813 501 878 maximam
525 814 706 878 adversum
730 833 766 878 se
789 812 955 876 invidiam
979 815 1052 876 tam
1075 811 1118 877 ab
1135 811 1258 876 incolis
1273 832 1377 895 quam
1394 811 1440 876 ab

317 902 395 967 aliis
417 903 478 985 qui
501 902 565 967 hec
588 904 818 986 perceperunt
842 901 1015 966 excitavit.

247 1014 305 1065 aa.
423 991 549 1056 Postea
572 991 663 1056 circa
685 993 894 1074 Augustum,
918 1011 996 1054 cum
1020 990 1058 1053 in
1086 990 1236 1072 quodam
1266 990 1439 1068 nemore²,

316 1081 353 1144 in
376 1101 444 1163 quo
468 1081 584 1145 fontes
607 1083 706 1144 erant
729 1079 956 1162 frigidissimi,
980 1079 1175 1144 venationis
1205 1077 1441 1144 delectaretur
1460 1101 1477 1142 e

317 1169 493 1247 exercicio,
518 1169 555 1232 in
578 1189 646 1251 quo
669 1168 772 1232 etiam
798 1165 1086 1232 maximus'oalor
1108 1187 1173 1252 per
1192 1168 1284 1232 diem
1308 1170 1344 1232 et
1367 1166 1440 1232 tale

314 1257 437 1342 frigus,
461 1257 553 1340 quod
576 1262 706 1322 terram
729 1256 810 1341 gelu
838 1260 874 1322 et
903 1256 1027 1321 bruma
1056 1257 1345 1340 constringeret²,
1368 1256 1441 1318 fnit

315 1367 378 1431 per
400 1350 548 1421 noctem,
573 1347 720 1429 quadam
752 1349 855 1411 nocte
883 1347 999 1410 tactus
1028 1345 1158 1429 frigore
1188 1345 1281 1410 circa
1308 1345 1440 1409 festum

187 1470 206 1500 a
216 1458 274 1508 Aur.
285 1459 306 1503 a.
316 1435 412 1500 beati
428 1435 526 1519 Syrti
549 1435 642 1518 cepit
665 1435 843 1498 infirmari.
883 1433 994 1513 Quam
1011 1434 1142 1499 obrem
1162 1433 1263 1498 iussit
1279 1454 1315 1498 se
1331 1453 1440 1516 usque

316 1525 502 1589 Massiuam
527 1524 714 1602 civitatem,
739 1543 827 1607 quae
851 1523 986 1588 duabus
1009 1523 1053 1588 ab
1075 1523 1138 1587 illo
1155 1522 1308 1586 distabat
1324 1522 1437 1600 dietis,
1461 1545 1491 1584 ιο

318 1613 458 1691 deferri,
490 1613 551 1677 nbi
581 1613 718 1698 dyarria
747 1613 950 1677 infirmitate
980 1612 1157 1689 laborans,
1188 1612 1280 1676 eirea
1309 1611 1439 1676 festum

317 1700 411 1767 beati
426 1702 609 1767 Michaelis
632 1695 775 1765 meliusb
796 1701 938 1777 habens,
962 1700 1159 1765 Palermum
1182 1700 1232 1765 ire
1249 1700 1438 1784 proposuit.

318 1789 473 1873 Oumque
496 1791 570 1856 fere
594 1791 704 1855 omnis
727 1789 863 1853 familia
886 1808 948 1854 sua
971 1810 1049 1854 cum
1081 1789 1175 1854 omni
1205 1788 1439 1873 subpellectili

317 1899 379 1943 sua
402 1879 673 1957 transfretasset,
698 1879 904 1944 recidivam⁰
928 1879 1163 1942 infirmitatem
1188 1877 1314 1942 incidit
1337 1881 1373 1942 et
1402 1878 1440 1940 in

204 1967 410 2042 saarabona
433 1968 648 2032 confessione
672 1972 707 2032 et
731 1969 844 2032 cordis
871 1967 1084 2032 contricione
1114 1967 1225 2051 pridie
1256 1969 1337 2031 ante
1367 1986 1439 2050 pre·
1460 1988 1489 2028 a

317 2057 431 2121 fatum
454 2056 585 2122 festum
608 2057 650 2121 de
674 2057 740 2121 hoa
763 2057 881 2122 seculo
904 2057 1076 2139 migravit.
1115 2056 1162 2120 Et
1181 2058 1277 2119 totus
1294 2055 1386 2120 orbis
1401 2055 1440 2118 in

318 2148 430 2210 morte
452 2146 560 2230 ipsius
584 2145 811 2210 conturbatus
826 2145 906 2222 fuit,
923 2145 1005 2228 quia
1021 2144 1132 2209 multa
1151 2145 1243 2208 mala
1258 2147 1293 2208 et
1309 2163 1438 2228 gwerre

318 2238 551 2312 surrexerunt,
585 2229 702 2317 squae‘l
734 2238 854 2318 postea
883 2235 988 2318 longo
1018 2238 1174 2317 tempore
1204 2228 1438 2297 duraveruntl.

425 2324 554 2388 Eodem
579 2344 669 2388 anno
693 2344 771 2387 cum
793 2327 916 2406 treuge
937 2324 1030 2388 inter
1045 2323 1205 2387 comitem
1222 2321 1387 2388 Ottonem
1403 2325 1439 2386 et

318 2413 516 2495 episcopum
533 2413 821 2497 Argentinensem
842 2433 1028 2494 eorumque
1043 2413 1199 2476 fautores
1215 2414 1330 2476 essent
1347 2411 1437 2488 date,
1458 2433 1488 2471 ao

319 2499 404 2566 Otto
428 2501 588 2566 comitem
605 2501 759 2566 Ulricum
783 2502 826 2566 de
850 2501 1009 2566 Phirrete
1031 2501 1069 2564 in
1090 2500 1262 2583 colloquio
1279 2499 1437 2583 quodam,

316 2589 355 2652 in
378 2610 445 2673 quo
470 2592 512 2654 de
537 2590 719 2655 concordia
743 2591 837 2673 pacis
860 2594 897 2656 et
920 2590 1096 2655 societatis
1118 2590 1291 2655 intereos
1315 2592 1439 2653 tracta·

204 2677 431 2756 sacrabatur,
457 2678 536 2743 dolo
560 2681 597 2743 et
619 2699 681 2763 per
702 2679 846 2743 insidias
869 2680 979 2763 pridie
1009 2682 1090 2743 ante
1120 2681 1267 2743 mortem
1296 2678 1438 2761 impera·

317 2766 403 2831 toris
437 2768 582 2844 occidit;
619 2769 661 2831 de
696 2788 765 2851 qua
797 2788 835 2833 re
869 2789 940 2831 non
974 2768 1085 2832 solum
1119 2768 1285 2844 inimicis,
1319 2786 1439 2831 verum

318 2854 425 2921 etiam
447 2856 653 2939 quibusdam
677 2876 718 2921 ex
741 2858 860 2921 amicis
883 2857 1022 2921 odibilis
1045 2856 1124 2920 fuit.
1169 2854 1355 2939 Comperta
1377 2856 1438 2919 ita·
1458 2878 1488 2919 aa

318 2965 385 3028 que
414 2947 525 3009 morte
554 2945 780 3029 imperatoris,
812 2946 992 3030 episcopus
1024 2946 1287 3027 Argentinensis
1317 2948 1353 3008 et
1382 2944 1439 3008 Al·

317 3033 438 3099 bertus
466 3054 579 3099 comes
609 3034 652 3099 de
680 3034 918 3117 Tagesburch,
949 3035 1009 3117 qui
1038 3036 1134 3119 prius
1164 3036 1263 3098 erant
1296 3033 1438 3110 inimici,

317 3122 533 3188 reconciliati
556 3127 653 3199 sunt;
678 3128 714 3188 et
737 3127 809 3187 tam
832 3124 900 3207 ipsi
926 3143 1029 3206 quam
1060 3123 1130 3186 dux
1154 3121 1365 3187 Bartholdus
1396 3122 1438 3185 de

318 3212 488 3296 zeringen
525 3215 562 3277 et
600 3212 770 3278 Initoldus
809 3213 989 3297 episcopus
1023 3212 1223 3277 Basiliensis
1262 3214 1297 3275 et
1335 3210 1439 3273 multi

318 3301 461 3365 comites
500 3303 621 3365 contra
665 3300 767 3366 eum³
804 3302 1093 3384 conspirationem
1135 3300 1321 3376 facientes,
1367 3320 1438 3363 non
1457 3322 1488 3361 ao

317 3392 455 3451 tantum
479 3388 591 3471 ipsum
622 3392 658 3453 et
687 3410 776 3467 snos,
807 3389 867 3453 sed
898 3390 1002 3454 etiam
1034 3390 1191 3453 homines
1220 3388 1439 3472 imperatoris

317 3476 480 3541 invadere
504 3480 540 3541 et
556 3478 671 3541 omnia
686 3478 847 3542 incendio
864 3481 900 3542 et
917 3479 1049 3563 rapinis
1065 3479 1244 3543 devastare
1260 3480 1437 3561 ceperunt.

318 3565 418 3630 Inter-
440 3565 552 3630 multa
575 3566 679 3630 etiam
704 3566 804 3644 mala,
829 3587 917 3650 quae
941 3572 1062 3633 contra
1086 3566 1247 3632 comitem
1272 3564 1438 3630 Ottonem

316 3654 432 3717 moliti
447 3657 538 3730 sunt,
555 3655 771 3719 advocatiam
790 3655 864 3719 eins
873 3655 1010 3721 Vallem
1026 3656 1146 3720 Sancti
1162 3654 1321 3738 Gregorii
1329 3655 1351 3731 ⁴,
1372 3675 1438 3737 que

317 3743 416 3827 quasi
437 3742 716 3827 inexpugnabilis
741 3765 813 3809 esse
836 3745 1022 3829 videbatur
1044 3748 1080 3809 et
1103 3765 1280 3827 nunquam
1305 3743 1348 3808 ab
1379 3743 1438 3807 ali·
1457 3765 1485 3805 rs

316 3852 385 3916 quo
408 3832 622 3916 impugnata,
639 3832 682 3897 ab
706 3833 790 3916 ipsis
805 3833 972 3899 facillime
992 3838 1044 3899 est
1061 3837 1180 3917 capta;
1205 3854 1246 3899 ac
1263 3832 1438 3897 distractis

315 3969 339 4019 a)
357 3970 419 4020 triug
437 3970 592 4009 indecorosa.
661 3969 684 4021 b)
702 3960 784 4018 itam
802 3969 907 4010 aalma
925 3982 949 4011 se
967 3972 1046 4011 melius
1064 3972 1145 4010 mad.
1216 3970 1237 4022 c)
1256 3968 1405 4011 recidivivam
1418 3980 1436 4009 c.

315 4020 340 4074 d)
355 4015 369 4081 ᾗ
383 4032 410 4062 0oe
425 4034 483 4063 corr.
498 4044 523 4052 -
537 4024 570 4062 De
583 4024 622 4062 hoe
635 4024 781 4062 additamento
797 4024 945 4073 limburgensi
957 4026 986 4072 cf.
1001 4026 1184 4064 commentarium.

315 4126 343 4195 1)
357 4128 399 4194 Cf.
412 4129 444 4181 de
450 4130 590 4195 punitam
602 4132 805 4182 coniuratorum
819 4130 917 4183 Toeche
928 4133 946 4185 l.
959 4147 980 4185 c.
994 4148 1022 4197 p.
1036 4133 1097 4194 580.
1110 4137 1133 4183 et
1146 4130 1218 4183 Caro
1231 4132 1248 4185 l.
1261 4148 1282 4185 c.
1294 4147 1325 4198 p.
1339 4133 1437 4197 asaqq.

315 4199 344 4267 2)
370 4200 453 4265 Apud
470 4199 635 4262 Diuersum
659 4202 695 4264 cf.
721 4200 840 4268 Stumpf,
863 4202 1335 4269 ‘Reichalccazler'lieq.5071⁸qq.
1357 4203 1437 4258 5077.
1455 4216 1485 4255 ιο

315 4268 345 4339 3)
370 4269 433 4322 Sal.
454 4268 571 4322 Ottonem
596 4273 712 4324 comitem
733 4273 919 4337 Burpuadiaa
950 4273 991 4328 W.
1036 4274 1079 4337 Cf.
1105 4273 1203 4328 Chroa.
1222 4273 1438 4327 Edersheimenae

315 4357 336 4397 c.
355 4343 391 4397 36
409 4340 470 4407 (SS.
488 4340 603 4408 XXIII,
618 4358 647 4408 p.
661 4344 728 4402 448)
746 4348 769 4393 a
789 4342 1008 4396 Translationem
1025 4360 1047 4398 a.
1066 4344 1183 4411 adelphi
1199 4361 1219 4398 c.
1239 4347 1274 4400 27
1292 4344 1354 4409 (SS.
1372 4344 1437 4410 XV,

309 4429 341 4481 p.
354 4414 421 4479 296)
438 4414 470 4465 de
487 4414 597 4480 proeliis
607 4414 813 4468 Alcatieneidua.
878 4414 907 4484 4)
926 4417 967 4467 De
983 4415 1034 4466 aar
1047 4417 1186 4468 edomatio
1200 4417 1235 4480 cf.
1249 4417 1366 4482 Meister,
1378 4416 1438 4467 ‘Die

315 4483 519 4549 Hohenetaufea
546 4487 576 4535 in
603 4483 714 4537 Eleaea'
735 4502 765 4552 p.
789 4488 824 4541 75
841 4501 896 4553 sqq.
927 4492 951 4536 et
980 4487 1072 4551 Nicro,
1103 4488 1163 4540 ‘Die
1191 4487 1364 4553 Verwaltunq
1393 4486 1438 4538 dee

314 4554 471 4622 Reiohcyuts
489 4557 526 4605 im
545 4557 587 4610 13.
607 4554 665 4610 Jh!
679 4573 709 4623 p.
731 4558 764 4610 13
775 4572 813 4623 aq.
1455 4572 1485 4611 ss
