3284 5150
328 525 380 579 122
672 516 802 573 NOTAE
822 516 1103 575 ALTORFENSES.

246 708 318 755 ·t·³⁶·
435 700 545 766 *1251.
574 702 682 766 Facta
697 705 750 767 est
769 702 879 766 stultu
898 704 1075 785 postorum
1092 701 1266 786 expeditio
1284 701 1322 765 in
1341 721 1447 786 regno

241 765 317 819 Μ’
329 790 525 857 Franciae1.

245 887 317 935 *1-39·
436 880 569 944 *leon*
608 881 776 945 Dominus
806 881 849 944 de
873 878 1058 945 Gerolseok
1089 880 1268 963 episeopus
1289 880 1449 962 Argenti·

227 942 443 1051 ffijneusis
467 974 497 1032 5.
521 968 663 1033 Oalend.
688 962 789 1032 Iuli.b
818 989 897 1033 oum
920 969 1068 1033 maximo
1093 970 1261 1033 comitatu
1285 973 1320 1033 et
1344 990 1448 1031 mauu

327 1059 539 1124 validissima
581 1058 762 1122 obsidebat
801 1058 976 1122 civitatem
1016 1058 1306 1141 Argentineusem
1344 1050 1443 1121 ootob
1471 1081 1488 1119 5

329 1149 449 1213 diebus
460 1148 481 1208 ².
983 1183 985 1185 -

241 1244 318 1297 1262.
438 1241 533 1299 1262.
569 1236 612 1298 ln
636 1256 751 1300 mense
773 1236 960 1299 Februario
980 1256 1092 1299 eomes
1111 1234 1339 1318 Rudolphus³
1361 1234 1448 1299 obsi-

257 1314 434 1391 Mrdebub
458 1329 609 1388 castrum
633 1326 675 1389 de
695 1324 884 1389 Miilhusen
906 1323 1063 1406 illudque
1087 1324 1258 1388 destruxit
1281 1344 1321 1388 ae
1345 1324 1449 1387 domi·

328 1437 412 1479 num
429 1415 471 1478 de
488 1414 706 1490 Steinburne,
730 1413 875 1478 fratrem
899 1414 1034 1477 abbatis
1050 1413 1319 1478 Murbacensisr
1331 1412 1353 1491 ⁴,
1377 1434 1450 1475 una

330 1526 407 1569 oum
432 1507 473 1566 60
498 1503 579 1565 viris
607 1504 805 1587 captivavit.
1469 1516 1499 1553 10

241 1599 319 1653 1261.
436 1590 535 1656 Cives
547 1592 818 1673 Argentineuses
835 1612 940 1654 mauu
956 1594 1089 1654 armat-a
1104 1591 1284 1655 exiverunt
1299 1591 1335 1653 in
1347 1590 1450 1664 villas

246 1670 319 1717 (Μ’)
329 1681 497 1745 Ernolseu
521 1684 556 1745 ei
584 1680 735 1744 Kolbsen
766 1679 913 1763 illusque
940 1681 976 1743 iu
1001 1680 1247 1764 praeiudicium
1277 1679 1450 1743 Waltberi

329 1770 481 1856 episcopi
503 1770 767 1852 Argentiueusis
797 1769 1043 1845 incenderunt3
1075 1789 1160 1851 quos
1189 1773 1307 1833 tamen
1335 1769 1450 1832 dietus

329 1860 508 1944 episeopus
539 1880 617 1921 mox
648 1864 848 1943 persecutus
872 1861 938 1935 est3
969 1863 1069 1922 etex
1096 1858 1179 1941 ipsis
1203 1858 1334 1922 civibus
1358 1858 1452 1922 eirea

329 1952 469 2013 eentum
493 1948 619 2031 partim
645 1948 748 2031 capii,
773 1949 901 2031 partim
926 1947 1079 2010 mutilati
1103 1951 1185 2010 suni
1194 1946 1216 2009 ⁵.
1471 1961 1499 1998 1⁵

241 2044 317 2097 1262.
436 2035 535 2101 Cives
570 2037 841 2119 Argentinenses
878 2037 1058 2100 exiverunt
1096 2036 1133 2099 in
1167 2040 1317 2100 oestrum
1352 2035 1449 2097 Lam·

205 2114 318 2162 (m)
329 2126 516 2209 pertheim;
549 2124 673 2208 quibus
706 2125 842 2189 obviam
871 2126 936 2189 ivit
966 2126 1126 2189 domiuus
1149 2125 1351 2189 Waltherus
1382 2125 1450 2206 epi-

330 2235 452 2299 seopus
476 2215 740 2297 Argentinensis
770 2235 841 2277 uus
865 2236 942 2278 eum
973 2214 1200 2278 nobilioribus
1224 2214 1379 2277 Alsstiae
1408 2233 1448 2277 ae

330 2324 493 2387 magnum
513 2303 710 2367 habueruut
728 2304 876 2367 invicem
896 2303 1112 2380 conflictum
1133 2323 1175 2367 ex
1191 2304 1315 2386 quibus
1332 2305 1448 2365 tamen

330 2393 504 2458 nobilibus
528 2393 637 2456 maior
660 2396 810 2476 pareest
834 2393 1029 2468 interturia,
1050 2395 1085 2456 ei
1107 2395 1280 2477 superstes
1304 2391 1346 2454 ab
1365 2390 1448 2474 ipsis
1468 2411 1495 2450 eo

330 2483 461 2547 civibus
484 2481 796 2563 Argentinensibus
820 2476 1017 2563 captivata)
1044 2481 1129 2545 eebss.

331 2693 352 2740 a)
367 2691 390 2728 tn
403 2691 443 2735 sol.
455 2691 489 2733 ³6.
502 2691 571 2728 medio
585 2691 608 2728 iu
622 2695 682 2728 textu
695 2691 719 2730 P.
736 2691 802 2729 Trens
816 2691 895 2739 corlon,
912 2702 953 2740 quo
967 2691 1061 2740 reliquae
1074 2695 1137 2730 notae
1149 2692 1242 2738 scriptae
1255 2694 1311 2739 suurn,
1330 2693 1449 2728 aeramento

331 2745 430 2782 addidit:
445 2744 505 2786 1254.
520 2744 568 2782 Hoo
583 2754 641 2782 anuo
654 2745 719 2794 [obiit
730 2755 771 2782 om.
782 2743 810 2796 e]
826 2745 962 2783 venerabilis
972 2744 1074 2795 Hadwie,
1090 2756 1148 2792 quae
1161 2746 1204 2783 tuit
1217 2755 1263 2782 una
1277 2755 1306 2782 ex
1320 2743 1412 2782 inclusis
1426 2743 1449 2782 in

331 2795 443 2845 Audelsu,
459 2797 536 2845 quales
550 2803 603 2836 tunc
618 2798 723 2846 temporie
738 2799 805 2836 etiam
820 2804 884 2836 erant
897 2798 921 2836 in
936 2798 1039 2846 Altorph.
1061 2799 1120 2836 Haec
1133 2809 1176 2836 non
1190 2809 1217 2836 ex
1230 2797 1358 2846 Annalibus,
1372 2796 1410 2834 sed
1423 2806 1449 2834 ae

331 2851 450 2899 necroloyr'o
467 2851 548 2889 codicis
561 2851 658 2889 Conradt
671 2852 778 2898 descripta
791 2862 835 2890 esse
848 2852 903 2889 mihi
918 2855 1001 2890 constat
1005 2863 1014 2898 ;
1028 2853 1057 2899 cs.
1069 2852 1143 2900 praef,
1156 2862 1225 2900 supra
1233 2850 1317 2899 2120.
1383 2851 1406 2897 b)
1420 2850 1447 2896 cf.
1468 2846 1493 2886 25

330 2905 392 2951 infra
405 2916 426 2945 n.
443 2906 464 2948 2,
518 2903 540 2954 o)
553 2905 585 2942 r‘ta
600 2915 618 2943 e.
674 2903 697 2956 d)
711 2905 839 2954 captivatus
853 2917 870 2946 c.

331 3029 364 3081 Si
386 3030 471 3096 ipitur
496 3030 662 3081 merneolous
685 3031 715 3080 r'n
738 3045 832 3097 pupna
856 3030 930 3096 apud
955 3029 1089 3080 Hdnbeim
1114 3030 1255 3080 commissa
1281 3029 1379 3080 ooes'm
1402 3033 1448 3092 est,

331 3101 395 3152 baec
420 3103 499 3152 etiam
521 3102 557 3152 od
583 3117 608 3155 a.
630 3104 706 3156 1251.
732 3100 875 3164 referenda
897 3106 969 3154 esset.
1052 3102 1078 3162 1)
1098 3101 1138 3164 Of.
1158 3099 1264 3153 Ricber.
1283 3098 1377 3152 Senon.
1396 3098 1447 3161 IV,

331 3188 351 3226 o.
370 3175 404 3228 21
430 3172 491 3236 (SS.
513 3172 606 3237 XXV,
629 3189 659 3239 p.
677 3174 743 3230 310)
768 3178 791 3223 et
817 3174 889 3224 Aan.
915 3174 1037 3236 fratrum
1062 3171 1213 3224 Praedieut.
1239 3172 1319 3234 infra
1341 3187 1370 3238 p.
1390 3171 1449 3224 128.

332 3251 355 3295 et
379 3260 406 3296 n.
425 3247 450 3298 4.
529 3245 557 3309 2)
583 3244 623 3308 Cf.
650 3245 722 3298 Anu.
745 3245 910 3296 Maurtmon.
935 3258 1022 3308 supra
1043 3260 1072 3309 p.
1094 3244 1159 3308 1083
1184 3241 1321 3308 Wr‘eqond,
1347 3241 1449 3292 Bellum
1468 3252 1493 3290 30

341 3315 558 3365 Wabherr‘anum
581 3332 611 3382 p.
631 3316 678 3379 62,
705 3321 729 3366 et
756 3315 919 3378 bie-inaclrer,
946 3315 1011 3380 Req.
1039 3313 1227 3377 Habsburpe'ea
1254 3328 1298 3366 nr.
1323 3314 1385 3366 331.
1417 3341 1447 3350 -

332 3385 403 3436 Sane
421 3385 539 3450 dubium,
565 3401 602 3436 on
620 3385 684 3447 dies,
710 3401 761 3451 quo
780 3385 881 3436 obedio
899 3391 989 3452 coepta
1005 3387 1050 3450 sit,
1075 3385 1193 3436 hocloco
1216 3389 1284 3434 reete
1308 3384 1449 3436 indicetur.

332 3457 405 3507 Nom
428 3456 471 3506 die
498 3459 540 3510 26.
559 3456 637 3507 Iunii
663 3457 757 3507 bellum
784 3457 901 3509 nondum
928 3463 1044 3522 coeptum
1067 3471 1120 3508 esse
1145 3456 1250 3506 ridetur
1267 3456 1316 3518 (ef.
1336 3455 1451 3506 ‘Strass

332 3527 431 3592 burper
454 3527 519 3580 ΠΒ.1
542 3526 569 3592 I,
594 3545 620 3594 p.
643 3529 709 3592 354,
739 3543 782 3581 nr.
807 3529 993 3590 469-471),·
1017 3526 1047 3581 V.
1073 3527 1114 3580 ld.
1140 3526 1209 3577 Iulii
1231 3528 1313 3578 omiti
1336 3527 1452 3592 epneopi

331 3613 365 3649 err
389 3597 483 3649 eastris
507 3595 652 3650 Holzheim
679 3599 784 3650 litteras
809 3614 860 3664 pro
885 3597 959 3650 bono
983 3597 1058 3665 pacis
1083 3597 1211 3649 dederunt
1218 3612 1230 3660 ;
1253 3598 1295 3648 die
1322 3599 1363 3651 15.
1383 3596 1453 3647 Iulii
1469 3607 1493 3646 ss

332 3671 399 3720 cives
419 3683 452 3718 ex
476 3669 542 3721 urbe
566 3672 729 3736 eruptionem
754 3669 874 3732 fecerunt
896 3667 952 3735 (die
970 3669 998 3722 b.
1017 3667 1211 3737 Margarethae
1229 3668 1333 3720 Bellum
1351 3667 1450 3720 Waltb.

333 3755 354 3798 e,
374 3741 399 3803 7,
424 3739 473 3793 SS.
492 3739 594 3807 XVII,
615 3757 644 3807 p.
666 3741 737 3808 106),
757 3747 821 3806 post
845 3756 928 3806 quum
951 3743 1042 3792 stetim
1066 3741 1188 3790 indutiae
1213 3741 1300 3804 festae
1323 3744 1387 3791 sunt
1403 3741 1449 3803 (ef.

339 3812 469 3877 Wiepand
494 3811 510 3865 l.
536 3828 557 3863 c.
580 3828 607 3878 p.
628 3812 683 3876 64).
774 3811 801 3879 3)
827 3812 868 3862 De
894 3811 1051 3878 Habeburq,
1076 3811 1112 3874 ef.
1138 3811 1242 3862 Bellum
1266 3810 1363 3864 Waern.
1389 3811 1407 3863 l.
1432 3810 1449 3862 l.

332 3885 483 3948 c.13.14‚
504 3899 534 3948 p.
555 3885 606 3938 108
618 3898 656 3949 sq.
682 3887 704 3932 rt
725 3882 833 3934 Riobe.
856 3883 950 3938 Senon.
974 3883 1004 3946 V,
1031 3898 1051 3936 e.
1072 3884 1106 3937 10
1131 3881 1193 3945 (SS.
1212 3881 1305 3945 XXV,
1327 3897 1357 3948 p.
1376 3882 1450 3940 342).

332 3955 361 4020 4)
382 3953 523 4006 Bertholds'
545 3955 576 4005 de
594 3953 760 4006 Steinbrnnn
784 3970 818 4005 ece
843 3959 917 4020 pente
938 3954 1061 4006 Alsatioe
1084 3954 1255 4021 superium
1280 3953 1317 4016 es.
1335 3952 1451 4003 Kindler
1468 3964 1494 4002 so

332 4043 356 4080 o.
382 4024 531 4090 Knobloob‚
559 4026 625 4076 ‘Der
653 4025 705 4075 alte
732 4025 802 4076 Adel
828 4027 866 4076 im
890 4024 1054 4076 Oberelsass’
1078 4041 1108 4090 p.
1130 4027 1180 4088 89,
1204 4029 1227 4076 et
1253 4023 1362 4089 Gatrio,
1390 4022 1451 4073 ‘Die

333 4095 412 4148 Abtei
427 4094 572 4147 Murbaob'
591 4096 621 4160 Ι,
642 4097 751 4163 12312.
831 4098 858 4163 5)
877 4094 931 4146 His
952 4097 1121 4164 supplentur,
1143 4095 1260 4162 quande
1277 4095 1329 4146 hae
1346 4094 1451 4161 expedi-

333 4168 402 4219 tione
419 4169 450 4217 in
468 4167 542 4218 Bello
560 4167 745 4218 Waltbertono
762 4181 782 4221 c.
804 4169 847 4230 11,
868 4184 897 4233 p.
916 4169 968 4222 107
980 4183 1018 4234 sq.
1038 4168 1195 4220 traduntur.
1232 4165 1305 4218 Unde
1322 4165 1452 4231 Wiepand

334 4239 352 4291 l.
371 4254 392 4293 c.
412 4255 442 4305 p.
459 4240 502 4293 68.
520 4243 587 4290 reete
608 4239 644 4289 ad
662 4239 771 4290 eandem
789 4239 979 4306 repertitium
1000 4237 1136 4304 probatur
1153 4238 1275 4289 retulisse
1298 4237 1452 4288 relatrbnem

333 4308 446 4360 Rioberr'
468 4309 562 4363 Senon,
585 4309 615 4374 V,
640 4324 661 4362 e.
682 4311 724 4374 15,
750 4309 768 4360 l.
789 4326 810 4363 e.
832 4325 862 4375 p.
881 4311 948 4363 341:
974 4307 1057 4362 Unde
1082 4307 1199 4377 contigit
1223 4307 1296 4374 ipsos
1320 4305 1452 4376 Argenti·
1467 4318 1493 4358 ee

333 4396 429 4432 nenses
455 4377 489 4432 de
515 4379 625 4432 civitate
652 4380 761 4432 incauto
788 4378 872 4434 exire.
915 4378 990 4448 Quos
1017 4378 1117 4433 milites
1143 4378 1265 4446 episcopi
1291 4377 1451 4430 invadentes

334 4449 466 4518 quosdam
492 4450 677 4518 trucidarunt,
705 4450 839 4518 quosdam
865 4467 931 4504 vero
960 4450 1176 4518 captivaverunt.
1257 4451 1284 4517 6)
1310 4449 1354 4514 Cf.
1378 4450 1450 4503 Ann.

334 4522 501 4577 Manrtmon.
519 4538 607 4589 supro
620 4538 650 4588 p.
668 4525 727 4578 108.
