3284 5150
557 501 737 558 ANNALES
755 501 1045 557 MARBAansns.
1330 507 1364 559 57

350 686 452 750 Anno
476 685 618 750 Domini
641 683 904 750 MOLXXXVL
940 685 1133 770 Imperator
1156 685 1250 769 apud
1267 685 1453 750 Wor·1187.

244 775 389 840 muciam
424 776 554 840 curium
589 772 746 852 habuit1,
781 774 819 838 in
853 794 921 856 que
950 774 1199 858 Meguntinus²
1232 778 1267 840 et
1302 775 1451 847 aliiue.)

243 864 396 948 episcopi
418 867 536 948 preter
548 863 758 948 Phylippum
775 862 1015 928 Coloniensem
1034 863 1362 948 archiepiscopum³‚

242 953 302 1036 qui
326 955 425 1017 erunt
449 953 644 1036 supradicte
668 952 925 1029 coniurationis,
950 955 990 1015 ut
1014 952 1204 1029 dicebatur,
1224 953 1361 1030 conscii,

210 1061 278 1106 sse
302 1040 551 1125 expurgabam.

350 1128 480 1194 Eodem
504 1150 594 1193 anno
618 1129 760 1214 hyemps
784 1129 907 1207 calida,
932 1130 983 1192 its
1005 1130 1097 1211 quod
1120 1130 1158 1192 in
1178 1129 1362 1194 Decembri
1373 1138 1451 1192 1186.

242 1221 279 1282 et
308 1218 472 1283 Iunuurio
507 1218 616 1283 multe
651 1219 789 1283 arbores
823 1217 1002 1294 florerent,
1037 1218 1076 1281 in
1106 1219 1232 1302 quibus
1271 1219 1423 1284 eircaroe.

243 1306 466 1372 Februarium
491 1308 566 1391 pira
588 1308 786 1392 quantitate
808 1307 846 1370 in
876 1307 1016 1371 modum
1048 1307 1205 1372 evellene
1236 1315 1450 1392 magns1187.

243 1395 552 1480 conspiciebantur,
593 1397 685 1461 corvi
719 1417 855 1479 quoque
893 1399 930 1460 et
963 1397 1039 1480 pice
1077 1397 1212 1480 slieque
1246 1397 1420 1462 huius-ras.

198 1508 223 1545 ro
241 1485 335 1549 modi
357 1505 437 1550 sves
460 1485 497 1550 in
520 1485 684 1549 ianuario
706 1486 800 1551 fetus
824 1485 1069 1569 produxerant.

348 1573 415 1638 Sed
439 1576 593 1658 proximo
621 1575 779 1657 sequenti
809 1594 910 1649 anno,
942 1574 1074 1639 scilicet
1105 1594 1195 1638 anno
1219 1575 1362 1639 Domini

241 1661 523 1741 MCLXXXVIL
552 1663 643 1729 circe
665 1663 835 1727 Marcium
865 1683 992 1746 magns
1021 1663 1109 1728 aeris
1139 1663 1438 1729 inclementiam.

240 1754 276 1816 et
306 1752 473 1836 asperitas
504 1752 630 1836 algoris
658 1753 799 1818 veniens
834 1752 907 1817 fere
937 1771 1045 1835 usque
1080 1752 1124 1815 ad
1155 1752 1235 1816 Kal.
1267 1752 1361 1817 Iunii
1369 1786 1387 1816 ι,
1396 1774 1446 1818 run.
1455 1777 1476 1819 1.

240 1841 388 1918 duravit,
413 1841 464 1905 ita
488 1842 580 1924 quod
602 1841 639 1904 in
662 1845 872 1925 pentecoste,
895 1840 1058 1905 videlicet
1073 1841 1110 1904 in
1126 1841 1239 1905 medio
1255 1841 1359 1916 Maio,
1370 1864 1427 1902 nac
1435 1865 1469 1907 rr.

197 1952 222 1990 15
240 1929 300 1992 nix
329 1925 489 2013 *magna*
516 1930 652 2008 cecidit,
677 1933 713 1994 et
734 1930 809 1995 iere
839 1931 955 1994 omnio
984 1951 1087 2013 poms
1116 1931 1359 2014 periemnt²·⁴.
1370 1951 1401 2000 ‘t-
1413 1955 1468 1994 140‘.

241 2016 370 2082 Eodem
406 2039 496 2082 anno
525 2019 719 2102 Argentinu
752 2019 789 2082 in
820 2038 936 2084 mense
967 2019 1125 2103 predicto
1159 2041 1201 2084 ex
1236 2039 1361 2104 magna

240 2109 339 2190 parte
362 2107 522 2171 incendio
545 2110 682 2171 vastata
705 2110 767 2172 est.

347 2195 429 2278 Ipso
459 2216 549 2260 anno
584 2195 676 2260 inter
710 2195 939 2280 apostolicum
973 2200 1009 2260 et
1042 2197 1285 2279 imperatorem
1317 2198 1359 2262 de

240 2303 324 2367 pace
348 2285 532 2369 sigebotum
564 2285 625 2349 sed
648 2284 757 2349 nichil
780 2284 923 2369 profuit,
948 2285 1029 2367 quia
1059 2285 1101 2350 de
1132 2287 1360 2350 excommuni-

194 2395 221 2434 co
240 2372 375 2438 catione
420 2373 637 2457 imperatoris
676 2375 711 2438 et
756 2373 849 2456 regis
887 2373 1014 2456 agebat
1026 2373 1047 2434 ⁵.
1109 2373 1204 2438 Deus
1242 2379 1360 2440 sutem

239 2461 429 2545 malignum
452 2463 560 2547 ipsius
584 2463 765 2527 consilium
790 2463 981 2546 dissipavit.
1019 2461 1110 2526 Nam
1132 2463 1251 2528 eodem
1268 2484 1519 2538 annonrmsm

239 2554 395 2617 mortuus
418 2555 487 2630 est;
516 2552 572 2616 cui
596 2550 782 2635 Gregorius
812 2574 903 2637 pape
926 2551 1028 2630 VIII,
1060 2552 1163 2617 homo
1191 2552 1301 2617 bonus
1324 2556 1360 2619 et
1368 2577 1424 2624 (os.
1433 2578 1513 2632 rosso).

238 2640 429 2725 religiosus,
454 2642 628 2706 successit.
1137 2675 1141 2680 =

346 2730 476 2795 Eodem
500 2751 590 2795 anno
613 2751 673 2796 rex
689 2729 825 2795 Saletin
848 2729 891 2796 de
910 2730 1110 2815 Babylonia,
1134 2732 1194 2814 qui
1216 2732 1360 2814 imperu-

193 2838 221 2877 25
239 2817 307 2882 tori
330 2818 424 2902 prius
447 2819 628 2883 familiaris
651 2818 767 2883 fueret
790 2852 835 2863 -
857 2839 938 2883 num
961 2820 1028 2884 sibi
1050 2820 1198 2885 invicem
1225 2820 1358 2903 legatos

240 2909 276 2970 et
298 2927 442 2971 munero
465 2906 683 2971 direxerans⁶
706 2941 759 2984 -,
784 2927 863 2972 cum
882 2909 1035 2973 exercitu
1050 2913 1178 2973 terram
1196 2907 1358 2973 Christia-

239 3015 363 3059 norum
385 2994 530 3059 intravit
553 2999 589 3060 et
612 3015 691 3060 eum
715 2996 763 3060 eis
787 2995 880 3060 bello
896 2996 983 3060 inito
1001 3000 1164 3062 cruentus
1179 2996 1290 3061 victor
1305 3018 1358 3061 ex·

239 3083 315 3147 titit
326 3082 345 3143 ⁷.
384 3082 418 3147 N
420 3104 475 3147 um
499 3083 576 3167 plus
593 3104 696 3167 quam
712 3083 815 3147 XXX
832 3083 927 3147 milia
943 3084 1122 3148 hominum
1138 3084 1251 3148 occiso
1266 3088 1356 3162 sunt,

240 3175 275 3237 et
295 3172 486 3237 Ierusalem
510 3174 555 3236 nd
579 3172 790 3238 deditionem
814 3172 960 3237 subacta
982 3176 1018 3237 et
1041 3193 1111 3237 non
1134 3171 1245 3236 multo
1268 3178 1356 3257 post,
1367 3198 1423 3247 (oa.
1433 3200 1463 3250 r).

193 3262 398 3327 nomnibus
433 3261 565 3325 civibus
600 3262 673 3326 eius
708 3261 762 3326 vel
797 3262 909 3345 captis
937 3261 993 3326 vel
1022 3262 1222 3327 interventu
1251 3261 1358 3346 precii

239 3350 386 3415 dimissis
410 3353 446 3415 et
469 3351 598 3428 eiectis,
623 3370 644 3414 a
659 3350 803 3434 paganis
819 3353 872 3415 est
888 3350 1095 3428 inhabitata,
1111 3352 1357 3416 venerandum·

239 3460 304 3522 que
327 3440 462 3523 lignum
492 3442 610 3504 sancte
641 3440 751 3504 crucis
782 3443 933 3523 captum,
964 3443 1000 3504 et
1022 3441 1186 3505 Acheron
1215 3443 1251 3505 et
1280 3441 1355 3505 fere

239 3574 261 3625 s)
275 3586 355 3623 magns
368 3600 394 3608 -
408 3577 458 3627 peri
471 3578 494 3615 in
507 3578 553 3616 loco
567 3587 625 3616 raso.

241 3681 267 3750 1)
292 3681 366 3733 Haec
389 3684 468 3733 curia
490 3684 594 3735 donum
618 3699 705 3735 mense
728 3684 850 3750 Aupusto
874 3685 944 3735 anni
964 3685 1043 3743 1187,
1066 3684 1197 3737 celebrata
1221 3690 1267 3740 est.
1314 3684 1356 3751 Of.

194 3767 221 3808 ss
238 3769 261 3805 v.
281 3752 386 3804 Simeon
404 3753 478 3819 opud
495 3771 517 3807 v.
537 3753 709 3819 euroeam,
726 3755 899 3807 ‘Kaiscrzeit'
919 3754 966 3821 VI,
980 3771 1010 3821 1).
1024 3757 1085 3809 664.
1157 3756 1185 3822 2)
1203 3756 1357 3808 Conradum

239 3823 427 3887 Mopuntinum
457 3825 650 3877 coniurationis
675 3828 837 3893 pactrtipem
865 3841 921 3879 non
953 3828 1037 3890 fuisse
1066 3826 1357 3891 Soteffer-Boichoret,

239 3893 350 3945 ‘Kaiser
365 3893 523 3946 Friedricts
540 3896 563 3949 L
589 3896 679 3947 ktzter
696 3896 778 3949 Struit
802 3898 850 3947 mit
873 3898 922 3949 der
939 3896 1040 3948 Kurie'
1056 3914 1084 3964 p.
1104 3899 1139 3951 99
1150 3912 1208 3964 sqq.
1224 3899 1357 3963 probavit.

239 3966 267 4031 3)
296 3964 338 4029 Of.
363 3964 516 4033 Knippr'np,
540 3966 674 4032 ‘Repestm
697 3966 745 4019 der
768 3967 944 4031 Eretiechofc
968 3983 1017 4020 von
1042 3967 1129 4019 Kcrn’
1147 3968 1187 4029 II,
1213 3984 1258 4024 nr.
1278 3971 1356 4023 1303.

237 4037 266 4103 4)
283 4035 477 4102 Curschmann,
491 4036 685 4103 ‘Hunpersnote
701 4040 738 4089 im
751 4039 917 4091 Mittelalter’
929 4055 959 4105 p.
974 4040 1035 4094 154.
1053 4039 1104 4090 har
1119 4043 1143 4090 et
1161 4040 1235 4091 alias
1246 4042 1357 4092 notitias

192 4124 221 4163 co
238 4122 374 4161 annorum
393 4109 464 4163 1184
474 4123 528 4175 sqq.
547 4109 584 4159 ad
601 4114 703 4175 ternpus
719 4114 744 4161 et
760 4114 854 4175 repetes
871 4115 1016 4177 sprctam
1033 4112 1157 4177 nequet.
1247 4112 1275 4180 5)
1294 4112 1354 4166 Scit.

238 4180 407 4247 apostolous.
433 4177 475 4233 W.
502 4208 539 4219 -
562 4178 616 4230 Hic
639 4182 730 4232 varios
754 4182 866 4233 aconis
885 4196 1047 4247 promemus
1071 4185 1101 4233 in
1125 4198 1210 4234 unum
1233 4184 1359 4235 contrahi

237 4256 261 4302 rt
279 4266 333 4303 non
350 4256 418 4303 reete
438 4252 597 4317 permisceri
618 4266 642 4304 c.
660 4252 766 4304 Simeon
785 4253 860 4319 apud
879 4268 902 4307 v.
923 4252 1096 4317 Gimetrecht,
1116 4252 1291 4307 ‘Kaiecrzcit'
1308 4254 1355 4319 VI,

233 4338 264 4389 p.
280 4324 341 4378 669.
360 4322 557 4375 animadvertit.
630 4320 659 4390 6)
677 4322 718 4373 De
736 4323 781 4375 his
793 4323 937 4389 prioribus
954 4324 1127 4390 &potionibus
1144 4328 1178 4391 cf.
1197 4326 1293 4378 itidem
1310 4324 1356 4390 VI,

192 4478 221 4518 s
233 4396 433 4587 ffliim’
451 4394 487 4517 ‚t
501 4392 1176 4532 tta‘tffltr’rttsittttt
1188 4394 1356 4519 istst

286 4550 320 4587 us
337 4551 383 4588 es.
