3284 5150
526 531 706 587 ANNALES
725 529 1016 587 MARBAOENSIIS.
1296 533 1331 587 95

92 738 109 765 ⁴
144 740 192 782 ru.
318 714 434 779 *Anno
464 714 735 779 MOOXXXIII.
792 714 866 779 Rex
897 712 1081 777 Heinricus
1120 713 1330 796 colloquium
1342 717 1419 772 lasa

210 805 393 870 habiturus
417 806 509 889 apud
526 802 746 888 Ilagenovve1
767 804 968 867 convocavit
984 802 1171 887 episcopos,
1189 802 1330 866 comites

212 898 247 959 et
271 894 417 959 barones
441 895 483 958 de
507 893 644 957 Alsatia
666 896 702 956 et
724 892 810 957 fecit
833 892 940 955 iurari
963 912 1093 975 pacem.
1147 892 1226 975 Ipse
1250 912 1418 961 verona.)

212 983 358 1049 collecto
393 983 547 1047 exercitu
582 982 690 1045 movit
724 981 979 1064 expeditionem
1014 981 1177 1045 adversus
1208 982 1331 1045 ducem

179 1072 397 1149 sBavvarie2,
433 1072 493 1154 qui
527 1073 668 1155 propter
701 1073 848 1134 mortem
883 1069 992 1153 patris
1026 1068 1103 1132 sui³
1135 1090 1206 1133 non
1244 1070 1331 1133 bene

212 1161 384 1226 sentiebat
408 1181 486 1223 cum
510 1180 601 1242 rege.
649 1159 729 1222 Dux
760 1162 886 1235 autem,
918 1178 987 1221 nou
1011 1158 1130 1222 valeus
1161 1158 1330 1222 sustinere

211 1252 345 1313 tantam
371 1249 632 1313 multitudinem
657 1252 692 1313 et
715 1249 884 1333 impetum
906 1247 998 1329 regis
1022 1249 1057 1310 et
1073 1267 1222 1324 suorum,
1241 1247 1331 1310 datis

212 1338 389 1404 obsidibus
413 1338 509 1402 venit
533 1339 576 1401 ad
601 1337 813 1402 deditionem
838 1339 873 1401 et
896 1336 982 1400 fecit
1005 1356 1135 1419 pacem.

318 1427 465 1491 Interim
480 1446 561 1491 vero
577 1426 808 1490 Theodericus
833 1444 945 1489 comes
962 1425 1005 1489 de
1021 1425 1142 1488 Monte
1159 1424 1333 1506 Bilgardis

167 1540 194 1579 ιο
211 1516 297 1580 fines
335 1516 468 1579 Alsatie
511 1536 587 1580 cum
627 1516 768 1579 armatis
813 1514 957 1577 intravit
995 1515 1040 1577 ad
1084 1517 1330 1577 nocumentum

212 1604 370 1669 abbatis4
394 1606 436 1668 de
460 1605 640 1680 Murbach,
665 1604 725 1686 qui
747 1604 862 1686 ipsum
891 1602 998 1685 priori
1028 1623 1118 1665 anno
1141 1602 1197 1666 vel
1228 1606 1332 1665 antea
1342 1607 1432 1661 1232?

213 1694 456 1777 captivaverat.
503 1693 549 1755 Iit
571 1694 640 1756 iam
665 1712 777 1757 comes
802 1692 1006 1775 quibusdam
1039 1690 1223 1774 captivatis
1253 1696 1421 1754 cum1233.

212 1783 319 1866 preda
342 1782 449 1866 *cepit
473 1782 577 1847 abire.
617 1780 703 1846 Orto
727 1785 844 1845 autem
866 1780 1015 1845 clamore
1031 1779 1154 1864 populi
1169 1781 1205 1842 et
1219 1778 1331 1843 turbis
1342 1800 1372 1848 *a
1384 1801 1439 1843 148¹.

212 1874 353 1956 propter
390 1872 541 1935 iuratam
580 1890 699 1953 pacem
738 1869 1041 1945 concurrentibus,
1084 1868 1220 1951 capitur
1258 1868 1331 1952 ipsc

167 1981 193 2021 a
213 1980 325 2024 comes
360 1963 395 2023 ct
428 1960 464 2022 in
500 1960 658 2023 custodia
692 1958 835 2041 ponitur
870 1958 1023 2042 episcopi
1057 1956 1331 2041 Argentineusis.

212 2047 323 2127 Quem
348 2049 528 2131 episcopus
551 2048 687 2112 rediens
711 2047 754 2111 ab
778 2047 998 2129 expeditione
1008 2045 1029 2123 ⁵,
1058 2048 1201 2129 accepta
1223 2046 1267 2109 ab
1292 2066 1332 2112 eo

213 2136 374 2200 cautione
398 2157 501 2218 quam
524 2136 688 2219 oportuit,
714 2136 847 2198 dimisit
869 2136 906 2198 in
929 2156 1023 2218 pace.

319 2224 399 2307 ipso
423 2245 514 2288 anno
539 2223 713 2288 Ouriensis
738 2224 918 2307 episcopus
940 2224 1110 2287 occiditur
1120 2223 1142 2285 ⁶.
1343 2245 1462 2293 (rapas).

320 2313 412 2377 Item
446 2314 556 2378 irater
586 2308 767 2376 Oimradus
800 2312 844 2376 de
873 2311 1094 2388 Martburch‚
1130 2330 1191 2395 per
1221 2310 1449 2382 multaauaco).

166 2425 194 2465 20
213 2405 370 2485 tempora
393 2402 503 2466 crucis
527 2402 733 2485 predicator,
765 2422 784 2464 a
810 2400 970 2485 malignis
1001 2400 1199 2464 hominibus
1229 2401 1332 2464 inter-

211 2491 325 2555 iectus
349 2494 410 2554 est.

319 2580 410 2663 Ipsis
440 2580 655 2663 temporibus
686 2579 876 2664 Elysabeth
906 2578 1127 2664 provincialis
1158 2579 1333 2643 comitissa

213 2669 386 2751 Turingie,
416 2669 489 2732 filia
518 2669 608 2752 regis
631 2667 814 2752 Ungarie⁷,
846 2689 933 2733 uxor
955 2667 1128 2734 Ludevvici
1158 2669 1331 2751 quondam

214 2758 410 2841 lantgravii,
442 2757 561 2841 quiin
591 2758 716 2822 itinere
746 2757 858 2822 crucis
889 2757 981 2841 apud
1005 2757 1228 2821 Brundisium
1260 2757 1333 2820 vita

167 2867 195 2908 ss
214 2848 361 2912 decessit
371 2847 391 2922 ⁸,
417 2845 541 2910 mulier
564 2849 685 2911 sancta
708 2849 744 2910 et
766 2846 937 2929 religiosa,
962 2849 1041 2930 post
1059 2849 1206 2910 mortem
1225 2846 1332 2928 signis

214 2939 249 3000 et
272 2935 447 2999 miraculis
471 2934 658 2999 clarescere
682 2935 775 3018 cepit
784 2935 805 2998 ⁹.

319 3025 421 3088 Anno
437 3022 729 3087 MOOXXXIIII.
765 3022 920 3106 Hyemps
936 3023 1078 3086 horrida
1093 3025 1129 3086 et
1145 3022 1334 3105 dampnosa
1344 3027 1422 3080 1234.

213 3113 321 3177 vineis
345 3119 381 3177 et
403 3112 576 3176 fructibus
600 3132 661 3196 per
683 3114 797 3175 totum
823 3110 1023 3174 Ianuarium
1048 3111 1196 3173 duravit.

321 3201 450 3266 Eodem
474 3222 565 3264 anno
582 3200 777 3264 Fridericus
799 3219 912 3264 comes
928 3199 971 3264 de
988 3199 1125 3262 Pfirrite
1141 3200 1178 3261 in
1195 3197 1436 3281 captivi-1233?

168 3312 195 3352 eo
213 3293 286 3356 tate
309 3291 442 3374 positus
468 3311 488 3352 a
516 3289 609 3352 filioa
636 3289 806 3354 occiditur
815 3288 852 3350 ¹⁰.

213 3463 235 3514 a)
249 3474 262 3502 a
276 3462 322 3502 filio
337 3464 410 3502 ecdem
423 3473 489 3502 anana
502 3473 610 3512 superscr.

214 3586 241 3655 l)
268 3587 511 3640 Homer-Fictor
535 3603 580 3642 nr.
598 3588 702 3641 42862.
728 3587 807 3637 illam
832 3591 984 3638 conventam
1011 3602 1097 3638 mense
1121 3586 1202 3637 Iunio
1229 3591 1336 3636 creante

214 3657 335 3709 habitum
351 3673 403 3710 esse
414 3659 534 3722 credidit,
548 3660 669 3724 quamvis
681 3657 840 3709 Heinricum
852 3671 938 3708 masc
951 3658 1026 3708 Maio
1038 3656 1189 3722 Hcpeaowe
1201 3661 1336 3707 morotum

214 3743 268 3780 essa
291 3728 433 3795 diplmnotc
457 3735 554 3781 coram
574 3725 829 3794 (Borma-Fama
852 3744 896 3782 ar.
914 3730 1006 3790 4280).
1097 3726 1124 3796 2)
1152 3727 1270 3779 Ottonem
1288 3727 1336 3788 11,-

168 3813 196 3853 as
214 3801 247 3863 cf.
266 3800 422 3863 encyclicam
439 3800 565 3852 Heinrici
581 3801 654 3865 repis
670 3805 766 3852 contra
780 3806 889 3866 patrem
907 3799 978 3864 (LL.
999 3798 1138 3851 Constitui.
1156 3798 1195 3864 II,
1214 3813 1245 3864 p.
1261 3800 1335 3860 431).

214 3870 242 3936 3)
265 3869 308 3932 Cf.
326 3885 413 3936 supra
431 3887 461 3937 p.
481 3873 524 3935 94,
549 3871 566 3926 l.
587 3873 628 3925 12.
651 3871 688 3922 od
708 3873 833 3924 a.1231.
922 3871 951 3937 4)
970 3869 1104 3934 Hupcnis.
1140 3869 1181 3920 De
1194 3866 1336 3934 prioribus

214 3941 365 3991 inimicitiis
382 3942 453 3992 inter
471 3943 560 4009 ipsum
581 3948 604 3994 at
629 3944 746 3994 cornitcm
769 3941 956 3994 Theodericum
974 3940 994 3991 I
997 3940 1025 3994 V.
1050 3940 1086 4003 cs.
1107 3944 1219 4006 pactum
1243 3939 1336 3989 dotum

215 4026 240 4064 a.
262 4013 340 4066 1231.
365 4013 467 4067 die12.
487 4015 603 4079 Aprilis,
630 4015 705 4079 apud
727 4013 855 4078 Vicllard,
876 4012 1044 4063 ‘Documenta
1065 4016 1089 4062 et
1106 4009 1243 4061 me'rnoires
1263 4023 1337 4075 pour

214 4084 300 4135 sarcir
325 4083 343 4134 ὰ
371 4082 501 4136 l'histoirc
524 4085 562 4134 du
586 4086 723 4135 tavitoire
750 4084 781 4134 de
806 4082 924 4146 Belfovt'
950 4083 1027 4137 1884.
1056 4099 1084 4148 p.
1109 4083 1176 4146 413,
1204 4097 1248 4134 nr.
1274 4083 1336 4135 356.

168 4169 196 4208 40
214 4153 242 4220 5)
258 4153 320 4208 Sal.
339 4154 467 4207 adversas
485 4155 576 4208 ducem
594 4154 747 4209 Baccara'ae.
829 4156 857 4221 6)
879 4153 1042 4206 Bmhcldus
1059 4153 1090 4203 de
1108 4152 1277 4216 Helfcastcin
1295 4154 1338 4203 dic

214 4227 257 4280 25.
276 4228 374 4276 mensa
392 4227 513 4292 Auyucti
537 4227 693 4290 interfectas
717 4231 762 4281 est.
869 4223 895 4292 7)
921 4225 1046 4277 Andreae
1070 4224 1109 4278 ΙΙ.
1135 4229 1159 4275 ct
1186 4224 1337 4278 Gmrudia

214 4295 242 4365 8)
262 4297 303 4362 Of.
322 4313 410 4364 supra
424 4314 454 4364 p.
468 4301 510 4352 91.
530 4299 566 4349 cd
585 4313 611 4352 a.
625 4299 703 4352 1227.
785 4298 812 4364 9)
834 4295 964 4347 obiada
983 4299 1026 4351 17.
1038 4295 1194 4347 Novembris
1211 4311 1236 4350 a.
1251 4297 1337 4361 1231;

214 4367 256 4418 die
283 4370 327 4422 27.
353 4368 427 4419 Maa
453 4385 478 4421 a.
505 4371 582 4424 1235.
611 4371 805 4430 canonizatum·
831 4382 928 4434 capus
952 4369 1009 4419 cius
1032 4367 1181 4431 Marburqi
1206 4383 1231 4420 a.
1259 4367 1336 4421 1236.

214 4438 257 4488 die
284 4441 308 4493 1.
326 4439 401 4490 Maii
423 4440 587 4492 translatum
613 4447 657 4493 est.
704 4439 745 4504 Cf.
771 4439 866 4490 Weaok
894 4440 923 4489 ia
949 4437 1062 4494 ‘Hc‘stocz
1085 4437 1244 4501 Zeitschrift
1267 4436 1336 4492 NF!

168 4522 197 4564 45
216 4508 367 4580 XXXIII,¹
382 4526 412 4577 p.
431 4513 551 4578 acssqq.
652 4508 696 4578 10)
724 4509 869 4562 Udalricus
893 4525 985 4575 omnes,
1010 4511 1131 4576 quamvis
1155 4511 1210 4574 r'pse
1232 4513 1338 4576 patrem
