3284 5150
329 501 363 554 16
646 493 827 549 ANNALES
845 493 1135 551 MARBAOENSES.

253 688 317 727 nasas.
329 680 423 728 tamen
440 673 561 743 plurima
578 671 614 726 ad
632 672 711 742 regni
729 671 858 726 decorem
876 675 905 726 et
923 671 1147 726 commoditatem
1159 671 1325 740 pertinentia
1338 672 1455 726 diversis

328 747 357 799 in
374 744 441 800 locis
458 744 605 812 inchoavit,
624 743 759 812 quaedam
779 742 864 797 etiam
882 743 1089 798 consummavit.
1132 741 1316 797 Fundavit
1340 744 1453 796 etiam

327 816 434 887 palacia
459 815 549 886 operis
574 815 687 886 egregii,
712 831 798 868 uuum
823 813 891 867 baut
916 814 1000 884 longe
1024 831 1041 867 a
1065 812 1213 884 Maguncia
1239 814 1351 868 civitate
1373 815 1455 867 iuxta

327 888 422 942 villam
449 885 627 957 Ingelnhem,
659 886 776 940 alterum
806 884 1020 955 Noviomagium
1050 902 1133 953 super
1159 884 1297 938 Vahalem
1326 884 1453 940 fiuvium.

328 958 401 1014 Edes
428 975 517 1013 sacras
543 957 708 1025 ubicumque
738 957 768 1009 in
797 955 940 1025 imperio
970 972 1019 1010 suo
1047 956 1180 1025 collapsas
1210 960 1346 1010 vetustate
1376 971 1491 1010 com-s

327 1030 415 1100 perit,
442 1027 618 1099 pontificibus
645 1032 672 1082 et
698 1027 839 1097 patribus,
870 1027 905 1080 ad
932 1044 1051 1096 quorum
1078 1044 1172 1080 curam
1199 1027 1388 1096 pertinebant,
1419 1033 1455 1080 ut

327 1104 554 1169 restaurarentur,
579 1099 732 1168 imperavit,
761 1097 894 1153 adhibens
919 1115 1013 1152 curam
1040 1115 1091 1167 per
1116 1099 1231 1168 legatos,
1258 1102 1290 1152 ut
1317 1098 1455 1167 imperata

327 1171 498 1242 perficerent.
1067 1177 1070 1183 '

434 1260 490 1314 Per
516 1261 604 1312 totam
633 1257 744 1312 Gotiam
773 1258 830 1312 eius
856 1259 973 1328 imperio
1002 1259 1148 1312 innumera
1175 1259 1455 1312 construebantur

239 1329 247 1349 '
285 1328 290 1340 '
328 1332 508 1398 monasteria,
535 1347 605 1399 quae
631 1347 682 1399 pro
710 1331 763 1383 loci
789 1333 817 1384 et
842 1330 974 1399 temporis
1001 1330 1188 1400 oportunitate
1212 1329 1348 1399 imperiali
1373 1328 1452 1382 dota·
1476 1344 1506 1381 ro

328 1404 462 1457 bantur
484 1400 679 1456 munificentia.
716 1400 759 1454 llo
784 1400 868 1454 etiam
893 1405 1026 1469 tempore,
1051 1417 1106 1469 quo
1124 1399 1247 1454 Saxones
1272 1418 1452 1469 sepenumero

327 1473 458 1543 fediiragi
476 1477 504 1526 et
521 1472 638 1526 rebelles
656 1471 768 1526 tandem
787 1471 847 1525 sine
858 1489 907 1540 spe
918 1471 1111 1526 recalcitrandi
1123 1476 1151 1526 et
1163 1489 1249 1540 usque
1262 1471 1297 1525 ad
1309 1471 1452 1525 interitum

328 1543 458 1599 debellati
476 1543 574 1598 victori
591 1542 697 1597 Karolo
716 1560 744 1596 se
765 1543 946 1612 tradiderunt,
972 1543 1064 1596 divisit
1088 1542 1162 1596 idem
1187 1543 1339 1612 imperator
1363 1543 1451 1612 ipsam
1611 1548 1612 1551 ’

327 1620 430 1670 terram
449 1616 521 1669 inter
537 1614 686 1684 episcopos,
705 1614 879 1683 presbyteros
897 1617 926 1669 et
943 1614 1066 1682 abbates,
1084 1617 1116 1667 ut
1134 1614 1163 1667 iu
1181 1630 1214 1667 ea
1231 1614 1405 1684 predicarent
1423 1618 1453 1668 et

327 1688 500 1756 baptizarent
518 1690 546 1739 et
564 1685 691 1740 ecclesias
704 1684 873 1753 edificarent,
886 1701 1034 1752 quaerero
1046 1685 1140 1740 usibus
1152 1685 1286 1739 eiusmodi
1298 1685 1452 1740 necessaria
1475 1699 1505 1738 ro
1611 1634 1613 1765 i

328 1762 430 1824 esseut,
458 1758 492 1811 ab
521 1756 581 1826 ipsa
605 1755 742 1824 imperiali
766 1755 955 1809 munificentia
982 1757 1086 1826 large
1113 1756 1278 1825 acciperent.
1323 1755 1450 1811 Eodem

329 1846 438 1898 quoque
464 1832 588 1897 tempore
606 1827 783 1881 winidorum
808 1831 837 1882 et
861 1826 1013 1881 Fresonum
1040 1826 1148 1881 infinita
1175 1827 1353 1882 multitudine
1380 1827 1451 1881 sacri
1611 1832 1613 1931 y

1611 2026 1612 2067 l

1611 2114 1612 2155 l

1611 1448 1613 1505 l

327 1899 498 1970 baptismatis
516 1899 625 1952 lavacro
644 1899 783 1968 innovata,
800 1899 830 1952 in
841 1898 966 1951 terminis
978 1898 1099 1967 ipsorum
1111 1898 1323 1952 innumerabiles
1335 1898 1450 1952 fundate

212 1975 356 2033 o.r,1e.et
381 1971 475 2024 dotate
499 1974 563 2023 sunt
588 1969 724 2040 augustali
747 1969 923 2038 providentia
951 1970 1089 2042 ecclesiae.
1136 1968 1207 2023 0um
1233 1969 1306 2022 enim
1333 1987 1350 2023 a
1376 1968 1449 2024 Deo

328 2041 470 2096 dilecto
495 2042 584 2094 multa
602 2041 656 2094 sint
681 2044 816 2109 reparata,
841 2042 928 2095 immo
953 2058 970 2093 a
994 2040 1179 2094 fundamentis
1204 2039 1330 2094 edificata
1354 2058 1449 2094 mona·
1470 2055 1503 2093 ao
1611 2074 1612 2095 r

327 2113 424 2182 steria,
455 2112 560 2166 XXIII
589 2112 639 2165 sub
671 2113 752 2166 certis
781 2111 877 2180 tytulis
908 2116 936 2165 et
965 2129 1080 2165 numero
1110 2113 1146 2165 in
1175 2111 1327 2180 Aquitanis
1356 2129 1449 2182 regno

327 2185 444 2254 legimus
462 2183 667 2252 comprehensa.
705 2182 765 2252 Qua
783 2183 877 2237 omnia
893 2183 1044 2253 imperator
1068 2185 1128 2236 auri
1147 2187 1174 2236 et
1196 2184 1304 2253 argenti
1320 2183 1449 2252 ponderi-

326 2256 378 2309 bus
409 2259 443 2310 et
472 2255 599 2308 multis
628 2255 778 2308 honoribus
808 2254 922 2321 ditavit,
959 2256 1070 2323 insuper
1099 2253 1274 2322 reliquiarum
1310 2254 1450 2324 insignivit

188 2339 218 2378 ss.
228 2340 277 2389 111,
286 2341 318 2381 1o.
327 2327 501 2380 sanctissimis
530 2326 697 2395 patrociniis.
751 2325 831 2378 Inter
860 2329 952 2378 cetera
981 2341 1100 2392 namque
1129 2325 1324 2394 multiplicium
1355 2342 1449 2378 mona·

222 2411 250 2457 rr.
261 2411 315 2453 128¹.
326 2399 473 2451 steriorum
491 2395 598 2450 edificia
616 2397 703 2466 regali
714 2395 902 2450 munificentia
914 2395 1074 2464 ingentique
1087 2397 1196 2449 *labore
1208 2397 1449 2450 monasterium
1468 2409 1499 2448 25

327 2468 513 2521 Anianensisa
535 2467 687 2520 archisterii
705 2466 851 2534 edificavit,
871 2467 945 2534 quod
963 2466 1147 2521 inhonore
1168 2471 1295 2521 sancte
1318 2466 1450 2521 trinitatis

213 2537 528 2604 ss.1,14.acocuxet
547 2539 618 2591 senis
642 2536 818 2607 pontificibus
844 2538 997 2592 consecrari
1022 2537 1096 2607 fecit,
1122 2538 1188 2592 ubi¹
1213 2539 1296 2593 etiam
1321 2539 1450 2594 abbatem

327 2610 508 2664 Benedictum
526 2610 638 2663 nomine
656 2610 807 2678 constituit,
833 2610 880 2678 qui
899 2609 978 2680 [000
995 2608 1223 2680 mo]naohorumb
1246 2614 1325 2679 pater
1349 2610 1448 2666 extitit.

202 2696 231 2737 aa.
241 2696 290 2746 111,
298 2697 318 2739 s.
327 2680 372 2735 Ex
391 2698 467 2750 auro,
492 2679 566 2749 quod
585 2680 617 2734 ei
634 2697 713 2749 reges
732 2683 760 2734 et
777 2680 916 2750 principes
934 2679 1076 2750 Hyspanie
1095 2682 1238 2752 dederunt,
1260 2682 1335 2735 beati
1353 2680 1449 2735 Iacobi

327 2752 478 2821 basilicam,
496 2755 562 2804 tunc
580 2768 630 2820 per
647 2755 703 2805 tres
722 2768 806 2804 annos
824 2752 853 2805 iu
871 2752 925 2806 illis
945 2752 1021 2805 horis
1045 2769 1225 2822 commorans,
1251 2753 1447 2821 augmentavit,
1467 2766 1497 2804 ao

327 2824 477 2877 antistitem
496 2826 524 2877 et
542 2823 687 2876 canonicos
706 2822 735 2875 in
753 2840 786 2877 ea
803 2822 924 2876 instituit
941 2840 1057 2891 eamque
1074 2824 1152 2877 libris
1170 2827 1198 2878 et
1222 2824 1320 2877 ceteris
1344 2828 1446 2878 uten-

326 2894 460 2948 silibus
478 2895 607 2949 decenter
625 2894 740 2949 ornavit.

229 2998 257 3040 ss.
266 2998 287 3048 1,
295 2999 315 3038 a.
433 2983 597 3053 Specialiter
622 3000 672 3052 pre
699 2984 796 3037 ceteris
823 2983 905 3037 sacris
930 2990 959 3038 et
984 2983 1185 3037 venerabilibus
1211 2984 1279 3037 locis
1306 2983 1448 3057 ecclesiam

327 3056 513 3125 apostolorum
532 3054 610 3110 Petri
628 3058 656 3108 et
674 3054 754 3108 Pauli
772 3053 863 3109 Rome
885 3055 982 3123 coluit,
1007 3055 1037 3107 in
1062 3054 1138 3109 cuius
1161 3055 1275 3109 donaria
1299 3054 1447 3108 multitudo

225 3140 315 3189 une.
325 3126 442 3195 pecunie
459 3130 589 3195 congesta
607 3130 655 3182 est.
701 3124 845 3179 Mandavit
870 3127 961 3193 etiam,
987 3130 1019 3179 ut
1042 3126 1227 3195 unusquisque
1252 3126 1395 3195 episcopus
1418 3126 1447 3178 in
1466 3139 1493 3178 au

326 3198 453 3252 omnibus
476 3198 556 3267 regni
581 3201 609 3250 et
635 3196 744 3264 imperii
771 3197 813 3249 sui
837 3196 937 3250 finibus
962 3213 1025 3249 cum
1052 3198 1107 3250 suis
1132 3196 1299 3265 presbyteris
1325 3196 1448 3251 officium

327 3268 464 3335 divinum,
493 3268 564 3322 sicut
593 3270 687 3320 sancta
713 3266 840 3321 Romana
869 3267 962 3335 psallit
992 3268 1121 3340 ecclesia,
1151 3269 1311 3323 celebraret.
1359 3267 1447 3321 Ilrat

229 3354 257 3397 ss.
266 3354 287 3404 1,
295 3338 485 3395 aKarolus
517 3338 712 3392 cenobiorum²
742 3339 906 3406 consolator,
935 3354 1088 3408 pauperum
1118 3342 1204 3407 pater,
1236 3338 1447 3393 elemosinarum

215 3409 470 3474 abrenuntians
488 3410 612 3479 largitor,
638 3408 761 3462 omnium
786 3409 848 3478 pius
873 3409 1030 3478 subventor,
1056 3410 1148 3463 circa³
1172 3427 1306 3479 pauperes
1331 3410 1446 3464 susci·

326 3480 500 3550 piandos⁴
518 3484 546 3535 et
563 3479 734 3533 misericordi
753 3480 886 3534 fovendos
911 3479 1014 3534 auxilio
1038 3481 1236 3550 devotissimus,
1263 3484 1294 3535 ut
1319 3482 1366 3550 qui
1390 3498 1447 3534 non
1464 3496 1491 3534 so

325 3552 354 3605 in
378 3552 469 3621 patria
493 3552 581 3605 solum
606 3554 725 3619 erant,
749 3568 846 3605 verum
870 3555 946 3604 trans
967 3552 1055 3606 maria
1079 3551 1108 3605 iu
1126 3551 1235 3620 Syriam
1260 3556 1288 3607 et
1305 3552 1446 3623 filgyptum

326 3626 409 3705 atque
422 3621 754 3705 Affricam,·1erosolimis,
767 3622 936 3677 Alexandria
954 3626 1036 3705 atque
1048 3622 1204 3693 Kartagini,
1216 3624 1266 3706 ubi
1278 3622 1446 3705 Christianos

325 3696 1446 3835 ffilrlltttlfisllttttttttssctlttttettttttttlatta

325 3836 456 3889 alimonia
473 3836 571 3890 redimi
588 3834 745 3891 mandabat.
783 3834 826 3889 Ob
846 3837 917 3890 *hoc
938 3836 1060 3890 maxime
1081 3836 1326 3891 transmarinorum
1348 3853 1446 3905 regum
1463 3852 1490 3891 su

325 3906 462 3985 amicicias
490 3907 648 3976 expetebat,
675 3910 707 3959 ut
732 3905 891 3961 0hristIauis
918 3908 968 3961 sub
994 3924 1089 3961 eorum
1117 3907 1260 3962 dominatu
1284 3907 1445 3979 degentibus
1464 3907 1497 3956 ‘n
1507 3911 1553 3952 151.

325 4104 347 4153 a)
361 4103 489 4143 amaneusls
497 4115 515 4147 c.
563 4104 587 4155 b)
598 4114 659 4143 voees
668 4107 687 4143 et
696 4104 779 4142 litteras
790 4103 871 4142 Maus
879 4114 906 4143 a
915 4104 1015 4152 merda
1023 4104 1134 4153 supplem
1147 4104 1185 4147 ss.
1196 4105 1274 4155 XVII,
1285 4117 1310 4153 p.
1322 4106 1369 4154 150,
1384 4106 1400 4145 l.
1410 4105 1444 4146 68.

325 4168 427 4196 numam
441 4156 511 4197 0000
525 4157 611 4207 legatur,
626 4158 663 4207 qut
677 4161 747 4196 tamen
761 4158 833 4205 spatio
847 4167 890 4195 non
904 4157 1005 4201 mrumst

327 4333 352 4404 1)
378 4332 426 4387 ubi
444 4364 480 4374 —
498 4332 591 4387 extitit
614 4350 648 4387 ac
669 4335 792 4400 Legenda
811 4334 953 4399 KaroliI,
978 4351 998 4389 c.
1019 4337 1060 4390 14.
1159 4337 1187 4403 2)
1213 4334 1391 4388 cenobiorum
1409 4365 1446 4374 -

325 4404 475 4459 subventor
498 4406 522 4471 1,
547 4422 567 4459 o.
587 4407 611 4460 6.
702 4408 730 4472 3)
756 4405 830 4458 circa
851 4406 1067 4473 —proveniret
1091 4414 1130 4471 (p.
1151 4409 1193 4472 17,
1219 4408 1238 4459 l.
1258 4409 1287 4470 l)
1312 4407 1336 4472 I,
1360 4423 1381 4461 o.
1401 4408 1443 4462 18.

324 4476 352 4547 4)
373 4478 414 4542 Cf.
433 4476 574 4529 Einhords'
593 4478 681 4529 Vitam
701 4476 771 4531 Kar.
790 4493 811 4531 a.
829 4479 871 4531 21.
1030 4510 1032 4514 .
