<?xml version="1.0" encoding="UTF-8"?>
<!DOCTYPE html PUBLIC "-//W3C//DTD XHTML 1.0 Transitional//EN"
    "http://www.w3.org/TR/xhtml1/DTD/xhtml1-transitional.dtd">
<html xmlns="http://www.w3.org/1999/xhtml" xml:lang="en" lang="en">
 <head>
  <title>
</title>
<meta http-equiv="Content-Type" content="text/html;charset=utf-8" />
  <meta name='ocr-system' content='tesseract 3.04.00' />
  <meta name='ocr-capabilities' content='ocr_page ocr_carea ocr_par ocr_line ocrx_word'/>
</head>
<body>
  <div class='ocr_page' id='page_1' title='image "./annalesmarbacen00frangoog_0124.png"; bbox 0 0 3284 5150; ppageno 0'>
   <div class='ocr_carea' id='block_1_1' title="bbox 311 500 1118 558">
    <p class='ocr_par' dir='ltr' id='par_1_1' title="bbox 311 500 1118 558">
     <span class='ocr_line' id='line_1_1' title="bbox 311 500 1118 558; baseline -0.005 0"><span class='ocrx_word' id='word_1_1' title='bbox 311 504 346 558; x_wconf 84' lang='grc'><strong>92</strong></span> <span class='ocrx_word' id='word_1_2' title='bbox 626 500 807 556; x_wconf 78' lang='lat' dir='ltr'><strong>ANNALns</strong></span> <span class='ocrx_word' id='word_1_3' title='bbox 825 500 1118 557; x_wconf 75' lang='lat' dir='ltr'><strong>MARBAOENSES.</strong></span> 
     </span>
    </p>
   </div>
   <div class='ocr_carea' id='block_1_2' title="bbox 195 683 1633 3434">
    <p class='ocr_par' dir='ltr' id='par_1_2' title="bbox 223 683 1472 1479">
     <span class='ocr_line' id='line_1_2' title="bbox 223 683 1436 768; baseline -0.002 -21"><span class='ocrx_word' id='word_1_4' title='bbox 223 694 300 747; x_wconf 77' lang='lat'>1228.</span> <span class='ocrx_word' id='word_1_5' title='bbox 310 684 508 761; x_wconf 80' lang='lat' dir='ltr'><strong>valesceret,</strong></span> <span class='ocrx_word' id='word_1_6' title='bbox 539 687 616 748; x_wconf 85' lang='lat' dir='ltr'><strong>tota</strong></span> <span class='ocrx_word' id='word_1_7' title='bbox 644 685 718 749; x_wconf 85' lang='lat' dir='ltr'><strong>fere</strong></span> <span class='ocrx_word' id='word_1_8' title='bbox 749 685 925 768; x_wconf 84' lang='lat' dir='ltr'><strong>provincia</strong></span> <span class='ocrx_word' id='word_1_9' title='bbox 954 705 1062 767; x_wconf 87' lang='lat' dir='ltr'><strong>usque</strong></span> <span class='ocrx_word' id='word_1_10' title='bbox 1093 685 1136 748; x_wconf 89' lang='lat' dir='ltr'><strong>ad</strong></span> <span class='ocrx_word' id='word_1_11' title='bbox 1167 684 1356 748; x_wconf 85' lang='lat' dir='ltr'><strong>trienninm</strong></span> <span class='ocrx_word' id='word_1_12' title='bbox 1385 683 1436 745; x_wconf 91' lang='lat' dir='ltr'><strong>in-</strong></span> 
     </span>
     <span class='ocr_line' id='line_1_3' title="bbox 312 771 1436 857; baseline -0.003 -20"><span class='ocrx_word' id='word_1_13' title='bbox 312 772 443 837; x_wconf 87' lang='lat' dir='ltr'><strong>cendiis</strong></span> <span class='ocrx_word' id='word_1_14' title='bbox 467 776 502 837; x_wconf 87' lang='lat' dir='ltr'><strong>et</strong></span> <span class='ocrx_word' id='word_1_15' title='bbox 524 774 655 857; x_wconf 82' lang='lat' dir='ltr'><strong>rapinis</strong></span> <span class='ocrx_word' id='word_1_16' title='bbox 679 773 810 837; x_wconf 81' lang='lat' dir='ltr'><strong>afflicta</strong></span> <span class='ocrx_word' id='word_1_17' title='bbox 835 777 889 838; x_wconf 82' lang='lat' dir='ltr'><strong>est</strong></span> <span class='ocrx_word' id='word_1_18' title='bbox 912 774 1051 856; x_wconf 85' lang='lat' dir='ltr'><strong>penitus</strong></span> <span class='ocrx_word' id='word_1_19' title='bbox 1074 780 1110 838; x_wconf 88' lang='lat' dir='ltr'><strong>et</strong></span> <span class='ocrx_word' id='word_1_20' title='bbox 1134 775 1278 836; x_wconf 85' lang='lat' dir='ltr'><strong>vast-ata.</strong></span> <span class='ocrx_word' id='word_1_21' title='bbox 1316 771 1436 854; x_wconf 79' lang='lat' dir='ltr'>Igitur</span> 
     </span>
     <span class='ocr_line' id='line_1_4' title="bbox 312 861 1435 945; baseline -0.003 -19"><span class='ocrx_word' id='word_1_22' title='bbox 312 862 514 945; x_wconf 85' lang='lat' dir='ltr'><strong>episcopus¹</strong></span> <span class='ocrx_word' id='word_1_23' title='bbox 552 884 631 926; x_wconf 91' lang='lat' dir='ltr'><strong>cum</strong></span> <span class='ocrx_word' id='word_1_24' title='bbox 677 862 804 926; x_wconf 85' lang='lat' dir='ltr'><strong>multas</strong></span> <span class='ocrx_word' id='word_1_25' title='bbox 851 863 1071 927; x_wconf 86' lang='lat' dir='ltr'><strong>sustinuisset</strong></span> <span class='ocrx_word' id='word_1_26' title='bbox 1115 862 1259 924; x_wconf 86' lang='lat' dir='ltr'><strong>iniurias</strong></span> <span class='ocrx_word' id='word_1_27' title='bbox 1298 861 1352 924; x_wconf 85' lang='lat' dir='ltr'><strong>sui</strong></span> <span class='ocrx_word' id='word_1_28' title='bbox 1398 864 1435 924; x_wconf 91' lang='lat' dir='ltr'><strong>et</strong></span> 
     </span>
     <span class='ocr_line' id='line_1_5' title="bbox 311 948 1435 1034; baseline -0.001 -20"><span class='ocrx_word' id='word_1_29' title='bbox 311 971 461 1028; x_wconf 86' lang='lat' dir='ltr'><strong>suorum,</strong></span> <span class='ocrx_word' id='word_1_30' title='bbox 485 951 625 1015; x_wconf 87' lang='lat' dir='ltr'><strong>tandem</strong></span> <span class='ocrx_word' id='word_1_31' title='bbox 651 951 797 1015; x_wconf 87' lang='lat' dir='ltr'><strong>collecto</strong></span> <span class='ocrx_word' id='word_1_32' title='bbox 821 952 975 1015; x_wconf 85' lang='lat' dir='ltr'><strong>exercitu</strong></span> <span class='ocrx_word' id='word_1_33' title='bbox 997 951 1070 1034; x_wconf 91' lang='lat' dir='ltr'><strong>ipse</strong></span> <span class='ocrx_word' id='word_1_34' title='bbox 1087 954 1122 1015; x_wconf 91' lang='lat' dir='ltr'><strong>et</strong></span> <span class='ocrx_word' id='word_1_35' title='bbox 1137 970 1251 1014; x_wconf 89' lang='lat' dir='ltr'><strong>comes</strong></span> <span class='ocrx_word' id='word_1_36' title='bbox 1267 948 1435 1013; x_wconf 84' lang='lat' dir='ltr'><strong>Albertus</strong></span> 
     </span>
     <span class='ocr_line' id='line_1_6' title="bbox 312 1039 1472 1123; baseline -0.003 -20"><span class='ocrx_word' id='word_1_37' title='bbox 312 1040 355 1103; x_wconf 87' lang='lat' dir='ltr'><strong>de</strong></span> <span class='ocrx_word' id='word_1_38' title='bbox 379 1039 619 1117; x_wconf 88' lang='lat' dir='ltr'><strong>Habesburoh,</strong></span> <span class='ocrx_word' id='word_1_39' title='bbox 644 1041 704 1123; x_wconf 91' lang='lat' dir='ltr'><strong>qui</strong></span> <span class='ocrx_word' id='word_1_40' title='bbox 727 1040 832 1103; x_wconf 84' lang='lat' dir='ltr'><strong>simili</strong></span> <span class='ocrx_word' id='word_1_41' title='bbox 863 1040 964 1104; x_wconf 92' lang='lat' dir='ltr'><strong>modo</strong></span> <span class='ocrx_word' id='word_1_42' title='bbox 995 1040 1261 1123; x_wconf 87' lang='lat' dir='ltr'><strong>dampnificatus</strong></span> <span class='ocrx_word' id='word_1_43' title='bbox 1292 1040 1367 1102; x_wconf 89' lang='lat' dir='ltr'><strong>erat</strong></span> <span class='ocrx_word' id='word_1_44' title='bbox 1395 1039 1472 1101; x_wconf 77' lang='lat' dir='ltr'><strong>inc</strong></span> 
     </span>
     <span class='ocr_line' id='line_1_7' title="bbox 312 1127 1435 1213; baseline -0.002 -22"><span class='ocrx_word' id='word_1_45' title='bbox 312 1127 441 1207; x_wconf 88' lang='lat' dir='ltr'><strong>multis,</strong></span> <span class='ocrx_word' id='word_1_46' title='bbox 466 1132 675 1213; x_wconf 82' lang='lat' dir='ltr'><strong>paraverunt</strong></span> <span class='ocrx_word' id='word_1_47' title='bbox 699 1149 735 1193; x_wconf 86' lang='lat' dir='ltr'><strong>se</strong></span> <span class='ocrx_word' id='word_1_48' title='bbox 759 1129 803 1193; x_wconf 89' lang='lat' dir='ltr'><strong>ad</strong></span> <span class='ocrx_word' id='word_1_49' title='bbox 826 1129 1068 1193; x_wconf 82' lang='lat' dir='ltr'><strong>resistendum.</strong></span> <span class='ocrx_word' id='word_1_50' title='bbox 1114 1127 1370 1191; x_wconf 89' lang='lat' dir='ltr'><strong>Nichilominus</strong></span> <span class='ocrx_word' id='word_1_51' title='bbox 1397 1130 1435 1191; x_wconf 93' lang='lat' dir='ltr'><strong>et</strong></span> 
     </span>
     <span class='ocr_line' id='line_1_8' title="bbox 311 1216 1434 1302; baseline -0.002 -22"><span class='ocrx_word' id='word_1_52' title='bbox 311 1217 528 1282; x_wconf 87' lang='lat' dir='ltr'><strong>Plirritenses</strong></span> <span class='ocrx_word' id='word_1_53' title='bbox 551 1218 635 1282; x_wconf 81' lang='lat' dir='ltr'><strong>freti</strong></span> <span class='ocrx_word' id='word_1_54' title='bbox 658 1218 786 1281; x_wconf 85' lang='lat' dir='ltr'><strong>auxilio</strong></span> <span class='ocrx_word' id='word_1_55' title='bbox 810 1220 847 1281; x_wconf 90' lang='lat' dir='ltr'><strong>et</strong></span> <span class='ocrx_word' id='word_1_56' title='bbox 869 1218 987 1282; x_wconf 83' lang='lat' dir='ltr'><strong>favore</strong></span> <span class='ocrx_word' id='word_1_57' title='bbox 1010 1216 1180 1302; x_wconf 86' lang='lat' dir='ltr'><strong>regalium</strong></span> <span class='ocrx_word' id='word_1_58' title='bbox 1199 1216 1381 1280; x_wconf 84' lang='lat' dir='ltr'><strong>civitatum</strong></span> <span class='ocrx_word' id='word_1_59' title='bbox 1396 1218 1434 1280; x_wconf 90' lang='lat' dir='ltr'><strong>et</strong></span> 
     </span>
     <span class='ocr_line' id='line_1_9' title="bbox 312 1304 1433 1389; baseline -0.002 -20"><span class='ocrx_word' id='word_1_60' title='bbox 312 1307 480 1370; x_wconf 79' lang='lat' dir='ltr'>habentes</span> <span class='ocrx_word' id='word_1_61' title='bbox 504 1327 620 1371; x_wconf 89' lang='lat' dir='ltr'><strong>secum</strong></span> <span class='ocrx_word' id='word_1_62' title='bbox 649 1307 685 1370; x_wconf 91' lang='lat' dir='ltr'><strong>in</strong></span> <span class='ocrx_word' id='word_1_63' title='bbox 716 1306 846 1370; x_wconf 89' lang='lat' dir='ltr'><strong>auxilio</strong></span> <span class='ocrx_word' id='word_1_64' title='bbox 877 1307 1038 1371; x_wconf 87' lang='lat' dir='ltr'><strong>comitem</strong></span> <span class='ocrx_word' id='word_1_65' title='bbox 1062 1306 1261 1389; x_wconf 80' lang='lat' dir='ltr'><strong>Egenonem</strong></span> <span class='ocrx_word' id='word_1_66' title='bbox 1292 1305 1335 1369; x_wconf 89' lang='lat' dir='ltr'><strong>de</strong></span> <span class='ocrx_word' id='word_1_67' title='bbox 1359 1304 1433 1368; x_wconf 86' lang='lat' dir='ltr'><strong>Vri·</strong></span> 
     </span>
     <span class='ocr_line' id='line_1_10' title="bbox 312 1394 1433 1479; baseline -0.002 -21"><span class='ocrx_word' id='word_1_68' title='bbox 312 1394 432 1471; x_wconf 78' lang='lat' dir='ltr'><strong>burch,</strong></span> <span class='ocrx_word' id='word_1_69' title='bbox 457 1396 703 1459; x_wconf 86' lang='lat' dir='ltr'><strong>contrahentes</strong></span> <span class='ocrx_word' id='word_1_70' title='bbox 725 1416 887 1479; x_wconf 81' lang='lat' dir='ltr'><strong>magnam</strong></span> <span class='ocrx_word' id='word_1_71' title='bbox 914 1396 1046 1479; x_wconf 90' lang='lat' dir='ltr'><strong>copiam</strong></span> <span class='ocrx_word' id='word_1_72' title='bbox 1077 1398 1289 1458; x_wconf 87' lang='lat' dir='ltr'><strong>armatorum</strong></span> <span class='ocrx_word' id='word_1_73' title='bbox 1318 1414 1433 1458; x_wconf 89' lang='lat' dir='ltr'><strong>occur-</strong></span> 
     </span>
    </p>

    <p class='ocr_par' dir='ltr' id='par_1_3' title="bbox 195 1482 1483 2368">
     <span class='ocr_line' id='line_1_11' title="bbox 195 1482 1483 1567; baseline -0.002 -22"><span class='ocrx_word' id='word_1_74' title='bbox 195 1486 432 1553; x_wconf 56' lang='lat' dir='ltr'><strong>entiarernut</strong></span> <span class='ocrx_word' id='word_1_75' title='bbox 466 1484 515 1547; x_wconf 89' lang='lat' dir='ltr'><strong>eis</strong></span> <span class='ocrx_word' id='word_1_76' title='bbox 545 1484 636 1549; x_wconf 87' lang='lat' dir='ltr'><strong>inter</strong></span> <span class='ocrx_word' id='word_1_77' title='bbox 666 1484 920 1549; x_wconf 85' lang='lat' dir='ltr'><strong>Bladoltsheim</strong></span> <span class='ocrx_word' id='word_1_78' title='bbox 950 1489 986 1549; x_wconf 89' lang='lat' dir='ltr'><strong>et</strong></span> <span class='ocrx_word' id='word_1_79' title='bbox 1016 1483 1207 1567; x_wconf 80' lang='lat' dir='ltr'><strong>Hyrrfelt².</strong></span> <span class='ocrx_word' id='word_1_80' title='bbox 1262 1482 1307 1545; x_wconf 77' lang='lat' dir='ltr'><strong>nt</strong></span> <span class='ocrx_word' id='word_1_81' title='bbox 1336 1483 1434 1547; x_wconf 84' lang='lat' dir='ltr'><strong>facta</strong></span> <span class='ocrx_word' id='word_1_82' title='bbox 1452 1504 1483 1543; x_wconf 86' lang='lat' dir='ltr'><strong>m</strong></span> 
     </span>
     <span class='ocr_line' id='line_1_12' title="bbox 313 1572 1433 1655; baseline -0.004 -18"><span class='ocrx_word' id='word_1_83' title='bbox 313 1573 551 1655; x_wconf 79' lang='lat' dir='ltr'><strong>congressione</strong></span> <span class='ocrx_word' id='word_1_84' title='bbox 574 1575 611 1636; x_wconf 92' lang='lat' dir='ltr'><strong>in</strong></span> <span class='ocrx_word' id='word_1_85' title='bbox 635 1574 754 1655; x_wconf 81' lang='lat' dir='ltr'><strong>fugam</strong></span> <span class='ocrx_word' id='word_1_86' title='bbox 778 1574 869 1637; x_wconf 84' lang='lat' dir='ltr'><strong>versi</strong></span> <span class='ocrx_word' id='word_1_87' title='bbox 892 1577 974 1637; x_wconf 88' lang='lat' dir='ltr'><strong>sunt</strong></span> <span class='ocrx_word' id='word_1_88' title='bbox 998 1573 1140 1637; x_wconf 81' lang='lat' dir='ltr'><strong>comites</strong></span> <span class='ocrx_word' id='word_1_89' title='bbox 1168 1572 1210 1637; x_wconf 86' lang='lat' dir='ltr'><strong>de</strong></span> <span class='ocrx_word' id='word_1_90' title='bbox 1235 1572 1373 1635; x_wconf 87' lang='lat' dir='ltr'><strong>Pfirrite</strong></span> <span class='ocrx_word' id='word_1_91' title='bbox 1396 1575 1433 1635; x_wconf 91' lang='lat' dir='ltr'><strong>et</strong></span> 
     </span>
     <span class='ocr_line' id='line_1_13' title="bbox 312 1661 1432 1745; baseline -0.004 -19"><span class='ocrx_word' id='word_1_92' title='bbox 312 1682 429 1726; x_wconf 87' lang='lat' dir='ltr'><strong>eorum</strong></span> <span class='ocrx_word' id='word_1_93' title='bbox 478 1662 669 1739; x_wconf 76' lang='lat' dir='ltr'><strong>adiutores,</strong></span> <span class='ocrx_word' id='word_1_94' title='bbox 714 1661 950 1744; x_wconf 75' lang='lat' dir='ltr'><strong>relinquentes</strong></span> <span class='ocrx_word' id='word_1_95' title='bbox 987 1662 1038 1725; x_wconf 91' lang='lat' dir='ltr'><strong>ibi</strong></span> <span class='ocrx_word' id='word_1_96' title='bbox 1084 1661 1195 1745; x_wconf 89' lang='lat' dir='ltr'><strong>spolia</strong></span> <span class='ocrx_word' id='word_1_97' title='bbox 1240 1662 1432 1725; x_wconf 87' lang='lat' dir='ltr'><strong>castrorum</strong></span> 
     </span>
     <span class='ocr_line' id='line_1_14' title="bbox 312 1750 1432 1835; baseline -0.001 -22"><span class='ocrx_word' id='word_1_98' title='bbox 312 1750 461 1835; x_wconf 88' lang='lat' dir='ltr'><strong>plurima</strong></span> <span class='ocrx_word' id='word_1_99' title='bbox 483 1752 521 1814; x_wconf 91' lang='lat' dir='ltr'><strong>in</strong></span> <span class='ocrx_word' id='word_1_100' title='bbox 543 1751 787 1834; x_wconf 67' lang='lat' dir='ltr'><strong>papilionibus</strong></span> <span class='ocrx_word' id='word_1_101' title='bbox 811 1753 848 1813; x_wconf 90' lang='lat' dir='ltr'><strong>in</strong></span> <span class='ocrx_word' id='word_1_102' title='bbox 872 1751 1034 1827; x_wconf 82' lang='lat' dir='ltr'><strong>vestibus,</strong></span> <span class='ocrx_word' id='word_1_103' title='bbox 1065 1751 1102 1813; x_wconf 91' lang='lat' dir='ltr'><strong>in</strong></span> <span class='ocrx_word' id='word_1_104' title='bbox 1130 1753 1306 1813; x_wconf 89' lang='lat' dir='ltr'><strong>armatura</strong></span> <span class='ocrx_word' id='word_1_105' title='bbox 1336 1750 1432 1813; x_wconf 89' lang='lat' dir='ltr'><strong>etin</strong></span> 
     </span>
     <span class='ocr_line' id='line_1_15' title="bbox 312 1839 1431 1924; baseline 0 -23"><span class='ocrx_word' id='word_1_106' title='bbox 312 1839 529 1910; x_wconf 76' lang='lat' dir='ltr'><strong>animalibus.</strong></span> <span class='ocrx_word' id='word_1_107' title='bbox 554 1860 642 1922; x_wconf 87' lang='lat' dir='ltr'><strong>quae</strong></span> <span class='ocrx_word' id='word_1_108' title='bbox 666 1840 782 1903; x_wconf 89' lang='lat' dir='ltr'><strong>omnia</strong></span> <span class='ocrx_word' id='word_1_109' title='bbox 805 1840 944 1903; x_wconf 87' lang='lat' dir='ltr'><strong>sublata</strong></span> <span class='ocrx_word' id='word_1_110' title='bbox 958 1841 1103 1904; x_wconf 78' lang='lat' dir='ltr'><strong>fuerunt</strong></span> <span class='ocrx_word' id='word_1_111' title='bbox 1118 1860 1140 1902; x_wconf 89' lang='lat' dir='ltr'><strong>a</strong></span> <span class='ocrx_word' id='word_1_112' title='bbox 1156 1842 1253 1924; x_wconf 85' lang='lat' dir='ltr'><strong>parte</strong></span> <span class='ocrx_word' id='word_1_113' title='bbox 1269 1839 1431 1914; x_wconf 78' lang='lat' dir='ltr'><strong>adversa3</strong></span> 
     </span>
     <span class='ocr_line' id='line_1_16' title="bbox 311 1927 1478 2012; baseline -0.003 -23"><span class='ocrx_word' id='word_1_114' title='bbox 311 1927 428 2011; x_wconf 86' lang='lat' dir='ltr'><strong>plures</strong></span> <span class='ocrx_word' id='word_1_115' title='bbox 451 1928 500 1993; x_wconf 91' lang='lat' dir='ltr'><strong>ibi</strong></span> <span class='ocrx_word' id='word_1_116' title='bbox 523 1928 677 1992; x_wconf 88' lang='lat' dir='ltr'><strong>mutilati</strong></span> <span class='ocrx_word' id='word_1_117' title='bbox 700 1932 736 1992; x_wconf 89' lang='lat' dir='ltr'><strong>et</strong></span> <span class='ocrx_word' id='word_1_118' title='bbox 758 1928 942 2007; x_wconf 88' lang='lat' dir='ltr'><strong>vulnerati,</strong></span> <span class='ocrx_word' id='word_1_119' title='bbox 970 1928 1111 2012; x_wconf 87' lang='lat' dir='ltr'><strong>plurimi</strong></span> <span class='ocrx_word' id='word_1_120' title='bbox 1141 1928 1308 2011; x_wconf 85' lang='lat' dir='ltr'><strong>captivati</strong></span> <span class='ocrx_word' id='word_1_121' title='bbox 1338 1932 1431 1990; x_wconf 88' lang='lat' dir='ltr'><strong>sunt.</strong></span> <span class='ocrx_word' id='word_1_122' title='bbox 1452 1947 1478 1985; x_wconf 68' lang='grc' dir='ltr'><strong>ιο</strong></span> 
     </span>
     <span class='ocr_line' id='line_1_17' title="bbox 312 2016 1431 2099; baseline 0.001 -21"><span class='ocrx_word' id='word_1_123' title='bbox 312 2016 363 2079; x_wconf 80' lang='lat' dir='ltr'><strong>Ex</strong></span> <span class='ocrx_word' id='word_1_124' title='bbox 394 2018 459 2080; x_wconf 89' lang='lat' dir='ltr'><strong>hoe</strong></span> <span class='ocrx_word' id='word_1_125' title='bbox 490 2020 607 2081; x_wconf 87' lang='lat' dir='ltr'><strong>autem</strong></span> <span class='ocrx_word' id='word_1_126' title='bbox 636 2017 855 2081; x_wconf 84' lang='lat' dir='ltr'><strong>Pfirritenses</strong></span> <span class='ocrx_word' id='word_1_127' title='bbox 889 2022 925 2083; x_wconf 91' lang='lat' dir='ltr'><strong>et</strong></span> <span class='ocrx_word' id='word_1_128' title='bbox 955 2018 1114 2081; x_wconf 84' lang='lat' dir='ltr'><strong>civitates</strong></span> <span class='ocrx_word' id='word_1_129' title='bbox 1147 2018 1255 2099; x_wconf 84' lang='lat' dir='ltr'><strong>regis,</strong></span> <span class='ocrx_word' id='word_1_130' title='bbox 1291 2019 1431 2079; x_wconf 90' lang='lat' dir='ltr'><strong>tantum</strong></span> 
     </span>
     <span class='ocr_line' id='line_1_18' title="bbox 311 2106 1432 2189; baseline 0 -21"><span class='ocrx_word' id='word_1_131' title='bbox 311 2106 478 2189; x_wconf 89' lang='lat' dir='ltr'><strong>pudorem</strong></span> <span class='ocrx_word' id='word_1_132' title='bbox 508 2110 544 2170; x_wconf 88' lang='lat' dir='ltr'><strong>et</strong></span> <span class='ocrx_word' id='word_1_133' title='bbox 573 2128 687 2171; x_wconf 89' lang='lat' dir='ltr'><strong>rerum</strong></span> <span class='ocrx_word' id='word_1_134' title='bbox 718 2106 935 2170; x_wconf 86' lang='lat' dir='ltr'><strong>amissionem</strong></span> <span class='ocrx_word' id='word_1_135' title='bbox 966 2127 1036 2170; x_wconf 91' lang='lat' dir='ltr'><strong>non</strong></span> <span class='ocrx_word' id='word_1_136' title='bbox 1065 2106 1234 2182; x_wconf 84' lang='lat' dir='ltr'><strong>ferentes,</strong></span> <span class='ocrx_word' id='word_1_137' title='bbox 1269 2107 1432 2169; x_wconf 87' lang='lat' dir='ltr'><strong>commoti</strong></span> 
     </span>
     <span class='ocr_line' id='line_1_19' title="bbox 312 2194 1432 2278; baseline -0.001 -21"><span class='ocrx_word' id='word_1_138' title='bbox 312 2198 394 2258; x_wconf 87' lang='lat' dir='ltr'><strong>sunt</strong></span> <span class='ocrx_word' id='word_1_139' title='bbox 417 2196 469 2259; x_wconf 87' lang='lat' dir='ltr'><strong>ira</strong></span> <span class='ocrx_word' id='word_1_140' title='bbox 497 2196 704 2271; x_wconf 84' lang='lat' dir='ltr'><strong>vehementi,</strong></span> <span class='ocrx_word' id='word_1_141' title='bbox 736 2216 814 2259; x_wconf 89' lang='lat' dir='ltr'><strong>cum</strong></span> <span class='ocrx_word' id='word_1_142' title='bbox 845 2196 951 2260; x_wconf 87' lang='lat' dir='ltr'><strong>etiam</strong></span> <span class='ocrx_word' id='word_1_143' title='bbox 980 2195 1071 2278; x_wconf 86' lang='lat' dir='ltr'><strong>regis</strong></span> <span class='ocrx_word' id='word_1_144' title='bbox 1101 2194 1297 2276; x_wconf 74' lang='lat' dir='ltr'><strong>indignatio</strong></span> <span class='ocrx_word' id='word_1_145' title='bbox 1328 2214 1432 2277; x_wconf 88' lang='lat' dir='ltr'><strong>super</strong></span> 
     </span>
     <span class='ocr_line' id='line_1_20' title="bbox 311 2283 1432 2368; baseline 0 -23"><span class='ocrx_word' id='word_1_146' title='bbox 311 2283 377 2348; x_wconf 90' lang='lat' dir='ltr'><strong>hoc</strong></span> <span class='ocrx_word' id='word_1_147' title='bbox 401 2305 545 2348; x_wconf 89' lang='lat' dir='ltr'><strong>accensa</strong></span> <span class='ocrx_word' id='word_1_148' title='bbox 574 2285 708 2349; x_wconf 81' lang='lat' dir='ltr'><strong>fuisset.</strong></span> <span class='ocrx_word' id='word_1_149' title='bbox 761 2284 807 2347; x_wconf 80' lang='lat' dir='ltr'><strong>Et</strong></span> <span class='ocrx_word' id='word_1_150' title='bbox 837 2288 1062 2368; x_wconf 85' lang='lat' dir='ltr'><strong>augmentato</strong></span> <span class='ocrx_word' id='word_1_151' title='bbox 1091 2283 1312 2367; x_wconf 89' lang='lat' dir='ltr'><strong>postmodum</strong></span> <span class='ocrx_word' id='word_1_152' title='bbox 1341 2303 1432 2347; x_wconf 83' lang='lat' dir='ltr'><strong>exer-</strong></span> 
     </span>
    </p>

    <p class='ocr_par' dir='ltr' id='par_1_4' title="bbox 224 2371 1479 2545">
     <span class='ocr_line' id='line_1_21' title="bbox 224 2371 1479 2456; baseline -0.001 -23"><span class='ocrx_word' id='word_1_153' title='bbox 224 2381 300 2434; x_wconf 80' lang='lat'>1229.</span> <span class='ocrx_word' id='word_1_154' title='bbox 312 2373 401 2451; x_wconf 89' lang='lat' dir='ltr'><strong>citu,</strong></span> <span class='ocrx_word' id='word_1_155' title='bbox 433 2374 591 2456; x_wconf 88' lang='lat' dir='ltr'><strong>sequenti</strong></span> <span class='ocrx_word' id='word_1_156' title='bbox 620 2374 783 2438; x_wconf 87' lang='lat' dir='ltr'><strong>videlicet</strong></span> <span class='ocrx_word' id='word_1_157' title='bbox 813 2393 921 2450; x_wconf 90' lang='lat' dir='ltr'><strong>anno,</strong></span> <span class='ocrx_word' id='word_1_158' title='bbox 952 2372 1052 2436; x_wconf 85' lang='lat' dir='ltr'><strong>villas</strong></span> <span class='ocrx_word' id='word_1_159' title='bbox 1083 2372 1235 2456; x_wconf 85' lang='lat' dir='ltr'><strong>episcopi</strong></span> <span class='ocrx_word' id='word_1_160' title='bbox 1265 2371 1431 2455; x_wconf 86' lang='lat' dir='ltr'><strong>plurimas</strong></span> <span class='ocrx_word' id='word_1_161' title='bbox 1450 2392 1479 2429; x_wconf 80' lang='lat' dir='ltr'><strong>ro</strong></span> 
     </span>
     <span class='ocr_line' id='line_1_22' title="bbox 311 2461 1116 2545; baseline -0.001 -22"><span class='ocrx_word' id='word_1_162' title='bbox 311 2461 471 2525; x_wconf 90' lang='lat' dir='ltr'><strong>incendio</strong></span> <span class='ocrx_word' id='word_1_163' title='bbox 495 2465 752 2525; x_wconf 85' lang='lat' dir='ltr'><strong>concremantes</strong></span> <span class='ocrx_word' id='word_1_164' title='bbox 777 2461 981 2545; x_wconf 86' lang='lat' dir='ltr'><strong>depopulati</strong></span> <span class='ocrx_word' id='word_1_165' title='bbox 1003 2461 1116 2525; x_wconf 65' lang='lat' dir='ltr'><strong>sunm.</strong></span> 
     </span>
    </p>

    <p class='ocr_par' dir='ltr' id='par_1_5' title="bbox 224 2549 1633 2901">
     <span class='ocr_line' id='line_1_23' title="bbox 224 2549 1432 2635; baseline 0.002 -25"><span class='ocrx_word' id='word_1_166' title='bbox 224 2556 301 2610; x_wconf 76' lang='lat'><strong>1228.</strong></span> <span class='ocrx_word' id='word_1_167' title='bbox 418 2549 469 2614; x_wconf 79' lang='lat' dir='ltr'><strong>Eo</strong></span> <span class='ocrx_word' id='word_1_168' title='bbox 492 2550 669 2634; x_wconf 75' lang='lat' dir='ltr'><strong>tempore⁴</strong></span> <span class='ocrx_word' id='word_1_169' title='bbox 693 2550 888 2615; x_wconf 82' lang='lat' dir='ltr'><strong>Fridericus</strong></span> <span class='ocrx_word' id='word_1_170' title='bbox 911 2552 1098 2635; x_wconf 84' lang='lat' dir='ltr'><strong>imperator</strong></span> <span class='ocrx_word' id='word_1_171' title='bbox 1121 2550 1189 2614; x_wconf 87' lang='lat' dir='ltr'><strong>iam</strong></span> <span class='ocrx_word' id='word_1_172' title='bbox 1215 2550 1346 2615; x_wconf 89' lang='lat' dir='ltr'><strong>dudum</strong></span> <span class='ocrx_word' id='word_1_173' title='bbox 1370 2570 1432 2633; x_wconf 88' lang='lat' dir='ltr'><strong>per</strong></span> 
     </span>
     <span class='ocr_line' id='line_1_24' title="bbox 311 2637 1632 2723; baseline -0.002 -23"><span class='ocrx_word' id='word_1_174' title='bbox 311 2637 427 2722; x_wconf 86' lang='lat' dir='ltr'><strong>plures</strong></span> <span class='ocrx_word' id='word_1_175' title='bbox 462 2658 569 2703; x_wconf 86' lang='lat' dir='ltr'><strong>annos</strong></span> <span class='ocrx_word' id='word_1_176' title='bbox 604 2660 706 2703; x_wconf 89' lang='lat' dir='ltr'><strong>cruce</strong></span> <span class='ocrx_word' id='word_1_177' title='bbox 741 2639 920 2723; x_wconf 83' lang='lat' dir='ltr'><strong>signatus⁵</strong></span> <span class='ocrx_word' id='word_1_178' title='bbox 953 2639 1106 2704; x_wconf 74' lang='lat' dir='ltr'><strong>*tandem</strong></span> <span class='ocrx_word' id='word_1_179' title='bbox 1142 2640 1186 2704; x_wconf 90' lang='lat' dir='ltr'><strong>ad</strong></span> <span class='ocrx_word' id='word_1_180' title='bbox 1227 2639 1431 2703; x_wconf 87' lang='lat' dir='ltr'><strong>instantiam</strong></span> <span class='ocrx_word' id='word_1_181' title='bbox 1450 2659 1548 2708; x_wconf 52' lang='lat' dir='ltr'><strong>aare.</strong></span> <span class='ocrx_word' id='word_1_182' title='bbox 1631 2644 1632 2649; x_wconf 77' lang='grc'>’</span> 
     </span>
     <span class='ocr_line' id='line_1_25' title="bbox 312 2728 1633 2813; baseline 0 -23"><span class='ocrx_word' id='word_1_183' title='bbox 312 2728 442 2791; x_wconf 90' lang='lat' dir='ltr'><strong>domini</strong></span> <span class='ocrx_word' id='word_1_184' title='bbox 465 2749 554 2812; x_wconf 89' lang='lat' dir='ltr'><strong>pape</strong></span> <span class='ocrx_word' id='word_1_185' title='bbox 577 2730 847 2791; x_wconf 87' lang='lat' dir='ltr'><strong>transmarinum</strong></span> <span class='ocrx_word' id='word_1_186' title='bbox 873 2730 941 2793; x_wconf 87' lang='lat' dir='ltr'><strong>iter</strong></span> <span class='ocrx_word' id='word_1_187' title='bbox 971 2749 1152 2813; x_wconf 81' lang='lat' dir='ltr'><strong>aggressus</strong></span> <span class='ocrx_word' id='word_1_188' title='bbox 1181 2729 1299 2792; x_wconf 84' lang='lat' dir='ltr'><strong>fuerat</strong></span> <span class='ocrx_word' id='word_1_189' title='bbox 1329 2731 1364 2793; x_wconf 90' lang='lat' dir='ltr'><strong>et</strong></span> <span class='ocrx_word' id='word_1_190' title='bbox 1393 2729 1431 2790; x_wconf 91' lang='lat' dir='ltr'><strong>in</strong></span> <span class='ocrx_word' id='word_1_191' title='bbox 1630 2734 1633 2749; x_wconf 82' lang='lat'>‘</span> 
     </span>
     <span class='ocr_line' id='line_1_26' title="bbox 310 2815 1477 2901; baseline -0.003 -22"><span class='ocrx_word' id='word_1_192' title='bbox 310 2836 416 2899; x_wconf 84' lang='lat' dir='ltr'><strong>regno</strong></span> <span class='ocrx_word' id='word_1_193' title='bbox 441 2815 546 2901; x_wconf 77' lang='lat' dir='ltr'><strong>Cypri</strong></span> <span class='ocrx_word' id='word_1_194' title='bbox 569 2817 772 2900; x_wconf 81' lang='lat' dir='ltr'><strong>aliquandiu</strong></span> <span class='ocrx_word' id='word_1_195' title='bbox 795 2818 995 2882; x_wconf 87' lang='lat' dir='ltr'><strong>morabatur</strong></span> <span class='ocrx_word' id='word_1_196' title='bbox 1004 2818 1026 2879; x_wconf 76' lang='lat'><strong>⁶.</strong></span> <span class='ocrx_word' id='word_1_197' title='bbox 1450 2837 1477 2876; x_wconf 81' lang='lat' dir='ltr'><strong>rs</strong></span> 
     </span>
    </p>

    <p class='ocr_par' dir='ltr' id='par_1_6' title="bbox 222 2905 1431 2990">
     <span class='ocr_line' id='line_1_27' title="bbox 222 2905 1431 2990; baseline 0.003 -26"><span class='ocrx_word' id='word_1_198' title='bbox 222 2912 300 2965; x_wconf 79' lang='lat'><strong>1229.</strong></span> <span class='ocrx_word' id='word_1_199' title='bbox 419 2907 520 2970; x_wconf 82' lang='lat' dir='ltr'><strong>Anno</strong></span> <span class='ocrx_word' id='word_1_200' title='bbox 550 2905 781 2970; x_wconf 80' lang='lat' dir='ltr'>MOOXXIX.</span> <span class='ocrx_word' id='word_1_201' title='bbox 840 2907 1034 2971; x_wconf 80' lang='lat' dir='ltr'><strong>Fridericus</strong></span> <span class='ocrx_word' id='word_1_202' title='bbox 1068 2907 1257 2990; x_wconf 87' lang='lat' dir='ltr'><strong>imperator</strong></span> <span class='ocrx_word' id='word_1_203' title='bbox 1289 2905 1431 2970; x_wconf 85' lang='lat' dir='ltr'><strong>veniens</strong></span> 
     </span>
    </p>

    <p class='ocr_par' dir='ltr' id='par_1_7' title="bbox 236 2995 1477 3434">
     <span class='ocr_line' id='line_1_28' title="bbox 236 2995 1430 3080; baseline 0.001 -24"><span class='ocrx_word' id='word_1_204' title='bbox 236 2995 494 3059; x_wconf 53' lang='lat' dir='ltr'><strong>bosanhamm</strong></span> <span class='ocrx_word' id='word_1_205' title='bbox 517 2998 597 3060; x_wconf 86' lang='lat' dir='ltr'><strong>ante</strong></span> <span class='ocrx_word' id='word_1_206' title='bbox 622 2997 918 3080; x_wconf 84' lang='lat' dir='ltr'><strong>quadragesimam</strong></span> <span class='ocrx_word' id='word_1_207' title='bbox 943 2996 1115 3079; x_wconf 86' lang='lat' dir='ltr'><strong>dirigebat</strong></span> <span class='ocrx_word' id='word_1_208' title='bbox 1137 2995 1272 3078; x_wconf 85' lang='lat' dir='ltr'><strong>legatos</strong></span> <span class='ocrx_word' id='word_1_209' title='bbox 1291 3015 1370 3058; x_wconf 90' lang='lat' dir='ltr'><strong>suos</strong></span> <span class='ocrx_word' id='word_1_210' title='bbox 1386 2995 1430 3057; x_wconf 90' lang='lat' dir='ltr'><strong>ad</strong></span> 
     </span>
     <span class='ocr_line' id='line_1_29' title="bbox 311 3083 1431 3168; baseline -0.001 -22"><span class='ocrx_word' id='word_1_211' title='bbox 311 3084 525 3148; x_wconf 79' lang='lat' dir='ltr'><strong>soldanum⁸.</strong></span> <span class='ocrx_word' id='word_1_212' title='bbox 579 3084 624 3148; x_wconf 78' lang='lat' dir='ltr'><strong>llt</strong></span> <span class='ocrx_word' id='word_1_213' title='bbox 655 3089 732 3168; x_wconf 85' lang='lat' dir='ltr'><strong>post</strong></span> <span class='ocrx_word' id='word_1_214' title='bbox 762 3085 875 3149; x_wconf 85' lang='lat' dir='ltr'><strong>multa</strong></span> <span class='ocrx_word' id='word_1_215' title='bbox 905 3085 1077 3168; x_wconf 88' lang='lat' dir='ltr'><strong>colloquia</strong></span> <span class='ocrx_word' id='word_1_216' title='bbox 1107 3105 1169 3168; x_wconf 86' lang='lat' dir='ltr'><strong>per</strong></span> <span class='ocrx_word' id='word_1_217' title='bbox 1197 3083 1431 3148; x_wconf 85' lang='lat' dir='ltr'><strong>internuntios</strong></span> 
     </span>
     <span class='ocr_line' id='line_1_30' title="bbox 311 3173 1430 3257; baseline -0.002 -21"><span class='ocrx_word' id='word_1_218' title='bbox 311 3173 433 3237; x_wconf 87' lang='lat' dir='ltr'><strong>habita</strong></span> <span class='ocrx_word' id='word_1_219' title='bbox 462 3175 603 3238; x_wconf 89' lang='lat' dir='ltr'><strong>tandem</strong></span> <span class='ocrx_word' id='word_1_220' title='bbox 635 3175 708 3238; x_wconf 87' lang='lat' dir='ltr'><strong>sine</strong></span> <span class='ocrx_word' id='word_1_221' title='bbox 743 3175 838 3238; x_wconf 89' lang='lat' dir='ltr'><strong>omni</strong></span> <span class='ocrx_word' id='word_1_222' title='bbox 868 3195 1052 3257; x_wconf 84' lang='lat' dir='ltr'><strong>congressu</strong></span> <span class='ocrx_word' id='word_1_223' title='bbox 1082 3176 1118 3238; x_wconf 89' lang='lat' dir='ltr'><strong>et</strong></span> <span class='ocrx_word' id='word_1_224' title='bbox 1148 3173 1222 3237; x_wconf 84' lang='lat' dir='ltr'><strong>sine</strong></span> <span class='ocrx_word' id='word_1_225' title='bbox 1252 3173 1430 3255; x_wconf 84' lang='lat' dir='ltr'><strong>sanguinis</strong></span> 
     </span>
     <span class='ocr_line' id='line_1_31' title="bbox 311 3261 1477 3339; baseline -0.003 -13"><span class='ocrx_word' id='word_1_226' title='bbox 311 3261 495 3338; x_wconf 84' lang='lat' dir='ltr'><strong>effusione,</strong></span> <span class='ocrx_word' id='word_1_227' title='bbox 541 3266 658 3326; x_wconf 88' lang='lat' dir='ltr'><strong>tamen</strong></span> <span class='ocrx_word' id='word_1_228' title='bbox 706 3262 1007 3339; x_wconf 77' lang='lat' dir='ltr'><strong>condicionaliter,</strong></span> <span class='ocrx_word' id='word_1_229' title='bbox 1054 3262 1207 3326; x_wconf 91' lang='lat' dir='ltr'><strong>obtinuit</strong></span> <span class='ocrx_word' id='word_1_230' title='bbox 1254 3262 1429 3324; x_wconf 83' lang='lat' dir='ltr'><strong>civitatem</strong></span> <span class='ocrx_word' id='word_1_231' title='bbox 1450 3281 1477 3321; x_wconf 81' lang='lat' dir='ltr'><strong>eo</strong></span> 
     </span>
     <span class='ocr_line' id='line_1_32' title="bbox 310 3349 1430 3434; baseline 0 -22"><span class='ocrx_word' id='word_1_232' title='bbox 310 3352 464 3412; x_wconf 87' lang='lat' dir='ltr'><strong>sanctam</strong></span> <span class='ocrx_word' id='word_1_233' title='bbox 489 3353 524 3414; x_wconf 91' lang='lat' dir='ltr'><strong>et</strong></span> <span class='ocrx_word' id='word_1_234' title='bbox 548 3351 693 3432; x_wconf 88' lang='lat' dir='ltr'><strong>quedam</strong></span> <span class='ocrx_word' id='word_1_235' title='bbox 719 3351 847 3414; x_wconf 87' lang='lat' dir='ltr'><strong>casalia</strong></span> <span class='ocrx_word' id='word_1_236' title='bbox 870 3352 905 3413; x_wconf 93' lang='lat' dir='ltr'><strong>in</strong></span> <span class='ocrx_word' id='word_1_237' title='bbox 922 3351 1072 3414; x_wconf 83' lang='lat' dir='ltr'><strong>transitu</strong></span> <span class='ocrx_word' id='word_1_238' title='bbox 1088 3351 1218 3415; x_wconf 85' lang='lat' dir='ltr'><strong>viarum</strong></span> <span class='ocrx_word' id='word_1_239' title='bbox 1237 3350 1314 3414; x_wconf 86' lang='lat' dir='ltr'><strong>sita.</strong></span> <span class='ocrx_word' id='word_1_240' title='bbox 1348 3349 1430 3434; x_wconf 89' lang='lat' dir='ltr'><strong>Ipse</strong></span> 
     </span>
    </p>
   </div>
   <div class='ocr_carea' id='block_1_3' title="bbox 309 3504 1478 4567">
    <p class='ocr_par' dir='ltr' id='par_1_8' title="bbox 311 3504 1431 3643">
     <span class='ocr_line' id='line_1_33' title="bbox 312 3504 1431 3572; baseline 0.004 -17"><span class='ocrx_word' id='word_1_241' title='bbox 312 3506 455 3556; x_wconf 70' lang='lat' dir='ltr'><strong>Gertruetm</strong></span> <span class='ocrx_word' id='word_1_242' title='bbox 473 3505 546 3569; x_wconf 83' lang='lat' dir='ltr'><strong>filine</strong></span> <span class='ocrx_word' id='word_1_243' title='bbox 558 3504 664 3556; x_wconf 80' lang='lat' dir='ltr'><strong>Alberti</strong></span> <span class='ocrx_word' id='word_1_244' title='bbox 680 3505 771 3556; x_wconf 82' lang='lat' dir='ltr'><strong>ultimi</strong></span> <span class='ocrx_word' id='word_1_245' title='bbox 786 3506 890 3556; x_wconf 74' lang='lat' dir='ltr'><strong>comitia</strong></span> <span class='ocrx_word' id='word_1_246' title='bbox 907 3507 938 3558; x_wconf 83' lang='lat' dir='ltr'><strong>de</strong></span> <span class='ocrx_word' id='word_1_247' title='bbox 950 3505 1103 3572; x_wconf 69' lang='lat' dir='ltr'><strong>Dapebnrp,</strong></span> <span class='ocrx_word' id='word_1_248' title='bbox 1123 3508 1431 3562; x_wconf 61' lang='lat' dir='ltr'><strong>camliaciacinse.</strong></span> 
     </span>
     <span class='ocr_line' id='line_1_34' title="bbox 311 3575 1430 3643; baseline 0.002 -15"><span class='ocrx_word' id='word_1_249' title='bbox 311 3575 353 3638; x_wconf 80' lang='lat' dir='ltr'><strong>Cf.</strong></span> <span class='ocrx_word' id='word_1_250' title='bbox 366 3577 397 3626; x_wconf 83' lang='lat' dir='ltr'><strong>de</strong></span> <span class='ocrx_word' id='word_1_251' title='bbox 409 3576 459 3627; x_wconf 82' lang='lat' dir='ltr'><strong>bue</strong></span> <span class='ocrx_word' id='word_1_252' title='bbox 471 3576 516 3628; x_wconf 87' lang='lat' dir='ltr'><strong>lite</strong></span> <span class='ocrx_word' id='word_1_253' title='bbox 527 3575 616 3641; x_wconf 79' lang='lat' dir='ltr'><strong>Fritz,</strong></span> <span class='ocrx_word' id='word_1_254' title='bbox 631 3576 699 3626; x_wconf 81' lang='lat' dir='ltr'><strong>‘Dae</strong></span> <span class='ocrx_word' id='word_1_255' title='bbox 712 3575 895 3628; x_wconf 81' lang='lat' dir='ltr'><strong>Territorinm</strong></span> <span class='ocrx_word' id='word_1_256' title='bbox 906 3577 952 3628; x_wconf 84' lang='lat' dir='ltr'><strong>dee</strong></span> <span class='ocrx_word' id='word_1_257' title='bbox 964 3577 1085 3628; x_wconf 76' lang='lat' dir='ltr'><strong>Bistnms</strong></span> <span class='ocrx_word' id='word_1_258' title='bbox 1096 3577 1274 3642; x_wconf 70' lang='lat' dir='ltr'><strong>Straesbm&#39;q’</strong></span> <span class='ocrx_word' id='word_1_259' title='bbox 1285 3592 1313 3643; x_wconf 83' lang='lat' dir='ltr'><strong>p.</strong></span> <span class='ocrx_word' id='word_1_260' title='bbox 1326 3578 1362 3630; x_wconf 87' lang='grc'><strong>46</strong></span> <span class='ocrx_word' id='word_1_261' title='bbox 1374 3591 1430 3642; x_wconf 77' lang='lat' dir='ltr'><strong>sqq.</strong></span> 
     </span>
    </p>

    <p class='ocr_par' dir='ltr' id='par_1_9' title="bbox 309 3647 1478 4567">
     <span class='ocr_line' id='line_1_35' title="bbox 311 3647 1431 3714; baseline 0.002 -14"><span class='ocrx_word' id='word_1_262' title='bbox 311 3647 338 3712; x_wconf 79' lang='lat'><strong>1)</strong></span> <span class='ocrx_word' id='word_1_263' title='bbox 359 3647 399 3697; x_wconf 87' lang='lat' dir='ltr'><strong>De</strong></span> <span class='ocrx_word' id='word_1_264' title='bbox 417 3647 461 3697; x_wconf 79' lang='lat' dir='ltr'><strong>bis</strong></span> <span class='ocrx_word' id='word_1_265' title='bbox 478 3663 547 3714; x_wconf 82' lang='lat' dir='ltr'><strong>qnae</strong></span> <span class='ocrx_word' id='word_1_266' title='bbox 564 3653 713 3714; x_wconf 79' lang='lat' dir='ltr'><strong>sequnntur</strong></span> <span class='ocrx_word' id='word_1_267' title='bbox 731 3648 767 3711; x_wconf 86' lang='lat' dir='ltr'><strong>ef.</strong></span> <span class='ocrx_word' id='word_1_268' title='bbox 784 3648 981 3713; x_wconf 79' lang='lat' dir='ltr'><strong>WinkeImann,</strong></span> <span class='ocrx_word' id='word_1_269' title='bbox 999 3648 1210 3701; x_wconf 80' lang='lat' dir='ltr'><strong>‘biiedrichIL&#39;</strong></span> <span class='ocrx_word' id='word_1_270' title='bbox 1223 3649 1248 3713; x_wconf 88' lang='lat'><strong>1,</strong></span> <span class='ocrx_word' id='word_1_271' title='bbox 1263 3664 1294 3714; x_wconf 84' lang='lat' dir='ltr'><strong>p.</strong></span> <span class='ocrx_word' id='word_1_272' title='bbox 1307 3650 1360 3702; x_wconf 90' lang='grc'><strong>515</strong></span> <span class='ocrx_word' id='word_1_273' title='bbox 1372 3663 1410 3714; x_wconf 74' lang='lat' dir='ltr'><strong>sq.</strong></span> <span class='ocrx_word' id='word_1_274' title='bbox 1419 3663 1431 3708; x_wconf 88' lang='lat'><strong>,·</strong></span> 
     </span>
     <span class='ocr_line' id='line_1_36' title="bbox 310 3718 1478 3785; baseline 0.003 -16"><span class='ocrx_word' id='word_1_275' title='bbox 310 3718 473 3784; x_wconf 79' lang='lat' dir='ltr'><strong>Steinmirer,</strong></span> <span class='ocrx_word' id='word_1_276' title='bbox 494 3718 615 3784; x_wconf 71' lang='lat' dir='ltr'><strong>‘Repente</strong></span> <span class='ocrx_word' id='word_1_277' title='bbox 633 3718 836 3783; x_wconf 74' lang='lat' dir='ltr'><strong>Hebeburpiea’</strong></span> <span class='ocrx_word' id='word_1_278' title='bbox 856 3719 879 3785; x_wconf 87' lang='lat' dir='ltr'><strong>I,</strong></span> <span class='ocrx_word' id='word_1_279' title='bbox 898 3735 942 3773; x_wconf 84' lang='lat' dir='ltr'><strong>nr.</strong></span> <span class='ocrx_word' id='word_1_280' title='bbox 959 3722 1018 3774; x_wconf 87' lang='grc'>132.</span> <span class='ocrx_word' id='word_1_281' title='bbox 1111 3719 1139 3785; x_wconf 92' lang='grc'><strong>2)</strong></span> <span class='ocrx_word' id='word_1_282' title='bbox 1164 3719 1215 3770; x_wconf 80' lang='lat' dir='ltr'><strong>Die</strong></span> <span class='ocrx_word' id='word_1_283' title='bbox 1232 3721 1258 3773; x_wconf 87' lang='lat'><strong>8.</strong></span> <span class='ocrx_word' id='word_1_284' title='bbox 1278 3718 1353 3769; x_wconf 83' lang='lat' dir='ltr'><strong>Iunii</strong></span> <span class='ocrx_word' id='word_1_285' title='bbox 1358 3734 1369 3779; x_wconf 84' lang='lat'><strong>‚·</strong></span> <span class='ocrx_word' id='word_1_286' title='bbox 1393 3718 1429 3781; x_wconf 86' lang='lat' dir='ltr'><strong>ef.</strong></span> <span class='ocrx_word' id='word_1_287' title='bbox 1450 3733 1478 3773; x_wconf 74' lang='lat' dir='ltr'><strong>ec</strong></span> 
     </span>
     <span class='ocr_line' id='line_1_37' title="bbox 309 3788 1429 3856; baseline 0 -16"><span class='ocrx_word' id='word_1_288' title='bbox 309 3791 388 3854; x_wconf 76' lang='lat' dir='ltr'><strong>infra</strong></span> <span class='ocrx_word' id='word_1_289' title='bbox 398 3791 470 3848; x_wconf 81' lang='lat' dir='ltr'><strong>Ann,</strong></span> <span class='ocrx_word' id='word_1_290' title='bbox 478 3791 619 3856; x_wconf 73' lang='lat' dir='ltr'><strong>Aryentin.</strong></span> <span class='ocrx_word' id='word_1_291' title='bbox 627 3789 797 3842; x_wconf 81' lang='lat' dir='ltr'><strong>E&#39;ilenbardi.</strong></span> <span class='ocrx_word' id='word_1_292' title='bbox 816 3790 857 3844; x_wconf 82' lang='lat' dir='ltr'><strong>W.</strong></span> <span class='ocrx_word' id='word_1_293' title='bbox 912 3790 940 3856; x_wconf 88' lang='lat'><strong>3)</strong></span> <span class='ocrx_word' id='word_1_294' title='bbox 948 3790 991 3853; x_wconf 80' lang='lat' dir='ltr'><strong>cf.</strong></span> <span class='ocrx_word' id='word_1_295' title='bbox 1002 3789 1199 3856; x_wconf 79' lang='lat' dir='ltr'><strong>Winkeimunn,</strong></span> <span class='ocrx_word' id='word_1_296' title='bbox 1209 3789 1362 3841; x_wconf 69' lang='lat' dir='ltr'><strong>‘Friedrich</strong></span> <span class='ocrx_word' id='word_1_297' title='bbox 1371 3788 1429 3855; x_wconf 66' lang='lat' dir='ltr'><strong>HJ,</strong></span> 
     </span>
     <span class='ocr_line' id='line_1_38' title="bbox 309 3859 1431 3928; baseline 0 -17"><span class='ocrx_word' id='word_1_298' title='bbox 309 3859 349 3926; x_wconf 84' lang='lat' dir='ltr'><strong>II,</strong></span> <span class='ocrx_word' id='word_1_299' title='bbox 367 3877 397 3927; x_wconf 79' lang='lat' dir='ltr'><strong>p.</strong></span> <span class='ocrx_word' id='word_1_300' title='bbox 411 3863 445 3916; x_wconf 79' lang='lat'><strong>75</strong></span> <span class='ocrx_word' id='word_1_301' title='bbox 457 3877 513 3928; x_wconf 80' lang='lat' dir='ltr'><strong>sqq.</strong></span> <span class='ocrx_word' id='word_1_302' title='bbox 549 3860 636 3912; x_wconf 88' lang='lat' dir='ltr'><strong>Immo</strong></span> <span class='ocrx_word' id='word_1_303' title='bbox 652 3863 684 3912; x_wconf 81' lang='lat' dir='ltr'><strong>de</strong></span> <span class='ocrx_word' id='word_1_304' title='bbox 702 3862 836 3912; x_wconf 81' lang='lat' dir='ltr'><strong>obsidione</strong></span> <span class='ocrx_word' id='word_1_305' title='bbox 854 3863 1019 3927; x_wconf 64' lang='lat' dir='ltr'><strong>Armentinoe</strong></span> <span class='ocrx_word' id='word_1_306' title='bbox 1040 3863 1165 3926; x_wconf 78' lang='lat' dir='ltr'><strong>civitatis,</strong></span> <span class='ocrx_word' id='word_1_307' title='bbox 1184 3877 1266 3928; x_wconf 81' lang='lat' dir='ltr'><strong>qaum</strong></span> <span class='ocrx_word' id='word_1_308' title='bbox 1283 3859 1431 3912; x_wconf 78' lang='lat' dir='ltr'><strong>Heinrieue</strong></span> 
     </span>
     <span class='ocr_line' id='line_1_39' title="bbox 309 3931 1433 3999; baseline 0.001 -17"><span class='ocrx_word' id='word_1_309' title='bbox 309 3948 359 3983; x_wconf 78' lang='lat' dir='ltr'><strong>ren</strong></span> <span class='ocrx_word' id='word_1_310' title='bbox 377 3935 449 3983; x_wconf 85' lang='lat' dir='ltr'><strong>cirea</strong></span> <span class='ocrx_word' id='word_1_311' title='bbox 467 3948 580 3985; x_wconf 80' lang='lat' dir='ltr'><strong>mermem</strong></span> <span class='ocrx_word' id='word_1_312' title='bbox 599 3933 757 3999; x_wconf 81' lang='lat' dir='ltr'><strong>Septembris</strong></span> <span class='ocrx_word' id='word_1_313' title='bbox 775 3949 800 3986; x_wconf 85' lang='lat' dir='ltr'><strong>n.</strong></span> <span class='ocrx_word' id='word_1_314' title='bbox 820 3935 897 3988; x_wconf 88' lang='grc'>1229.</span> <span class='ocrx_word' id='word_1_315' title='bbox 916 3936 973 3985; x_wconf 78' lang='lat' dir='ltr'><strong>eine</strong></span> <span class='ocrx_word' id='word_1_316' title='bbox 991 3948 1111 3984; x_wconf 76' lang='lat' dir='ltr'><strong>summan</strong></span> <span class='ocrx_word' id='word_1_317' title='bbox 1129 3935 1233 3998; x_wconf 77' lang='lat' dir='ltr'><strong>incepit,</strong></span> <span class='ocrx_word' id='word_1_318' title='bbox 1251 3938 1343 3983; x_wconf 77' lang='lat' dir='ltr'><strong>noster</strong></span> <span class='ocrx_word' id='word_1_319' title='bbox 1359 3931 1433 3983; x_wconf 81' lang='lat' dir='ltr'><strong>nihil</strong></span> 
     </span>
     <span class='ocr_line' id='line_1_40' title="bbox 309 4002 1431 4072; baseline 0 -20"><span class='ocrx_word' id='word_1_320' title='bbox 309 4005 395 4054; x_wconf 82' lang='lat' dir='ltr'><strong>tradit</strong></span> <span class='ocrx_word' id='word_1_321' title='bbox 402 4019 414 4065; x_wconf 87' lang='lat'><em>;</em></span> <span class='ocrx_word' id='word_1_322' title='bbox 426 4004 461 4067; x_wconf 78' lang='lat' dir='ltr'><strong>cf.</strong></span> <span class='ocrx_word' id='word_1_323' title='bbox 476 4003 597 4055; x_wconf 82' lang='lat' dir='ltr'><strong>Conredi</strong></span> <span class='ocrx_word' id='word_1_324' title='bbox 607 4004 638 4055; x_wconf 83' lang='lat' dir='ltr'><strong>de</strong></span> <span class='ocrx_word' id='word_1_325' title='bbox 650 4003 773 4054; x_wconf 80' lang='lat' dir='ltr'><strong>Faberio</strong></span> <span class='ocrx_word' id='word_1_326' title='bbox 788 4003 874 4056; x_wconf 80' lang='lat' dir='ltr'><strong>Caene</strong></span> <span class='ocrx_word' id='word_1_327' title='bbox 884 4021 906 4059; x_wconf 82' lang='lat' dir='ltr'><strong>e.</strong></span> <span class='ocrx_word' id='word_1_328' title='bbox 920 4004 997 4055; x_wconf 81' lang='lat' dir='ltr'><strong>Galli</strong></span> <span class='ocrx_word' id='word_1_329' title='bbox 1006 4003 1068 4068; x_wconf 88' lang='lat' dir='ltr'><strong>(SS.</strong></span> <span class='ocrx_word' id='word_1_330' title='bbox 1081 4003 1122 4069; x_wconf 88' lang='lat' dir='ltr'><strong>II,</strong></span> <span class='ocrx_word' id='word_1_331' title='bbox 1134 4020 1164 4070; x_wconf 79' lang='lat' dir='ltr'><strong>p.</strong></span> <span class='ocrx_word' id='word_1_332' title='bbox 1180 4005 1251 4062; x_wconf 88' lang='lat'><em>181).</em></span> <span class='ocrx_word' id='word_1_333' title='bbox 1309 4002 1337 4072; x_wconf 81' lang='lat'><strong>4)</strong></span> <span class='ocrx_word' id='word_1_334' title='bbox 1351 4004 1431 4054; x_wconf 81' lang='lat' dir='ltr'><strong>Anno</strong></span> 
     </span>
     <span class='ocr_line' id='line_1_41' title="bbox 311 4075 1478 4140; baseline 0 -14"><span class='ocrx_word' id='word_1_335' title='bbox 311 4075 389 4127; x_wconf 85' lang='grc'>1228.</span> <span class='ocrx_word' id='word_1_336' title='bbox 468 4075 496 4140; x_wconf 85' lang='grc'><strong>5)</strong></span> <span class='ocrx_word' id='word_1_337' title='bbox 518 4075 562 4137; x_wconf 78' lang='lat' dir='ltr'><strong>Of.</strong></span> <span class='ocrx_word' id='word_1_338' title='bbox 579 4089 666 4140; x_wconf 79' lang='lat' dir='ltr'><strong>snpra</strong></span> <span class='ocrx_word' id='word_1_339' title='bbox 685 4091 716 4140; x_wconf 82' lang='lat' dir='ltr'><strong>p.</strong></span> <span class='ocrx_word' id='word_1_340' title='bbox 734 4076 777 4128; x_wconf 84' lang='grc'><strong>84.</strong></span> <span class='ocrx_word' id='word_1_341' title='bbox 799 4076 835 4126; x_wconf 83' lang='lat' dir='ltr'><strong>ad</strong></span> <span class='ocrx_word' id='word_1_342' title='bbox 855 4092 956 4127; x_wconf 81' lang='lat' dir='ltr'><strong>annum</strong></span> <span class='ocrx_word' id='word_1_343' title='bbox 977 4076 1053 4129; x_wconf 88' lang='grc'>1213.</span> <span class='ocrx_word' id='word_1_344' title='bbox 1085 4075 1244 4125; x_wconf 78' lang='lat' dir='ltr'><strong>Frideeieue</strong></span> <span class='ocrx_word' id='word_1_345' title='bbox 1261 4077 1354 4125; x_wconf 80' lang='lat' dir='ltr'><strong>statim</strong></span> <span class='ocrx_word' id='word_1_346' title='bbox 1368 4079 1431 4140; x_wconf 82' lang='lat' dir='ltr'><strong>post</strong></span> <span class='ocrx_word' id='word_1_347' title='bbox 1449 4089 1478 4126; x_wconf 79' lang='lat'><strong>40</strong></span> 
     </span>
     <span class='ocr_line' id='line_1_42' title="bbox 309 4145 1432 4212; baseline -0.001 -17"><span class='ocrx_word' id='word_1_348' title='bbox 309 4146 507 4195; x_wconf 74' lang='lat' dir='ltr'><strong>coronationem</strong></span> <span class='ocrx_word' id='word_1_349' title='bbox 519 4145 690 4210; x_wconf 72' lang='lat' dir='ltr'><strong>Aquisprani</strong></span> <span class='ocrx_word' id='word_1_350' title='bbox 708 4161 781 4196; x_wconf 87' lang='lat' dir='ltr'><strong>enno</strong></span> <span class='ocrx_word' id='word_1_351' title='bbox 795 4148 873 4201; x_wconf 84' lang='lat'>1215.</span> <span class='ocrx_word' id='word_1_352' title='bbox 891 4161 993 4197; x_wconf 79' lang='lat' dir='ltr'><strong>erucem</strong></span> <span class='ocrx_word' id='word_1_353' title='bbox 1006 4147 1112 4212; x_wconf 78' lang='lat' dir='ltr'><strong>aceepit,</strong></span> <span class='ocrx_word' id='word_1_354' title='bbox 1178 4146 1206 4211; x_wconf 88' lang='lat'><strong>6)</strong></span> <span class='ocrx_word' id='word_1_355' title='bbox 1217 4146 1239 4196; x_wconf 78' lang='lat' dir='ltr'><em>A</em></span> <span class='ocrx_word' id='word_1_356' title='bbox 1254 4146 1297 4196; x_wconf 83' lang='lat' dir='ltr'><strong>die</strong></span> <span class='ocrx_word' id='word_1_357' title='bbox 1308 4148 1352 4199; x_wconf 88' lang='grc'><strong>21.</strong></span> <span class='ocrx_word' id='word_1_358' title='bbox 1364 4145 1432 4196; x_wconf 84' lang='lat' dir='ltr'><strong>Iulii</strong></span> 
     </span>
     <span class='ocr_line' id='line_1_43' title="bbox 309 4215 1430 4283; baseline 0.004 -18"><span class='ocrx_word' id='word_1_359' title='bbox 309 4230 392 4280; x_wconf 74' lang='lat' dir='ltr'><strong>usqne</strong></span> <span class='ocrx_word' id='word_1_360' title='bbox 416 4215 452 4265; x_wconf 84' lang='lat' dir='ltr'><strong>ad</strong></span> <span class='ocrx_word' id='word_1_361' title='bbox 478 4217 503 4269; x_wconf 89' lang='lat'><strong>3.</strong></span> <span class='ocrx_word' id='word_1_362' title='bbox 529 4215 689 4281; x_wconf 80' lang='lat' dir='ltr'><strong>Septembris</strong></span> <span class='ocrx_word' id='word_1_363' title='bbox 714 4218 864 4282; x_wconf 86' lang='lat' dir='ltr'><strong>imperator</strong></span> <span class='ocrx_word' id='word_1_364' title='bbox 890 4220 920 4268; x_wconf 84' lang='lat' dir='ltr'><strong>in</strong></span> <span class='ocrx_word' id='word_1_365' title='bbox 945 4217 1035 4283; x_wconf 74' lang='lat' dir='ltr'><strong>Cypro</strong></span> <span class='ocrx_word' id='word_1_366' title='bbox 1061 4217 1153 4267; x_wconf 78' lang='lat' dir='ltr'><strong>insula</strong></span> <span class='ocrx_word' id='word_1_367' title='bbox 1179 4223 1360 4268; x_wconf 73' lang='lat' dir='ltr'><strong>omnmoratue</strong></span> <span class='ocrx_word' id='word_1_368' title='bbox 1385 4220 1430 4269; x_wconf 72' lang='lat' dir='ltr'><strong>est.</strong></span> 
     </span>
     <span class='ocr_line' id='line_1_44' title="bbox 311 4285 1431 4356; baseline 0.008 -20"><span class='ocrx_word' id='word_1_369' title='bbox 311 4286 352 4351; x_wconf 78' lang='lat' dir='ltr'><strong>Of.</strong></span> <span class='ocrx_word' id='word_1_370' title='bbox 378 4285 621 4337; x_wconf 81' lang='lat' dir='ltr'><strong>Bbbmer-Fielcer</strong></span> <span class='ocrx_word' id='word_1_371' title='bbox 648 4303 691 4342; x_wconf 89' lang='lat' dir='ltr'><strong>nr.</strong></span> <span class='ocrx_word' id='word_1_372' title='bbox 719 4289 850 4343; x_wconf 73' lang='lat' dir='ltr'><strong>1732P·v.</strong></span> <span class='ocrx_word' id='word_1_373' title='bbox 959 4286 986 4356; x_wconf 79' lang='lat'><strong>7)</strong></span> <span class='ocrx_word' id='word_1_374' title='bbox 1014 4287 1106 4339; x_wconf 79' lang='lat' dir='ltr'><strong>Mense</strong></span> <span class='ocrx_word' id='word_1_375' title='bbox 1131 4287 1276 4354; x_wconf 76' lang='lat' dir='ltr'><strong>Septembri</strong></span> <span class='ocrx_word' id='word_1_376' title='bbox 1303 4303 1330 4342; x_wconf 86' lang='lat' dir='ltr'><strong>a.</strong></span> <span class='ocrx_word' id='word_1_377' title='bbox 1353 4288 1431 4345; x_wconf 88' lang='grc'>1228.</span> 
     </span>
     <span class='ocr_line' id='line_1_45' title="bbox 309 4357 1432 4424; baseline -0.004 -12"><span class='ocrx_word' id='word_1_378' title='bbox 309 4359 338 4424; x_wconf 85' lang='grc'><strong>8)</strong></span> <span class='ocrx_word' id='word_1_379' title='bbox 364 4357 482 4408; x_wconf 75' lang='lat' dir='ltr'><strong>Thomas</strong></span> <span class='ocrx_word' id='word_1_380' title='bbox 500 4371 583 4409; x_wconf 73' lang='lat' dir='ltr'><strong>eomer</strong></span> <span class='ocrx_word' id='word_1_381' title='bbox 599 4358 631 4410; x_wconf 82' lang='lat' dir='ltr'><strong>de</strong></span> <span class='ocrx_word' id='word_1_382' title='bbox 648 4362 753 4410; x_wconf 78' lang='lat' dir='ltr'><strong>Acerra</strong></span> <span class='ocrx_word' id='word_1_383' title='bbox 770 4365 794 4410; x_wconf 89' lang='lat' dir='ltr'><strong>et</strong></span> <span class='ocrx_word' id='word_1_384' title='bbox 812 4359 950 4411; x_wconf 78' lang='lat' dir='ltr'><strong>Botion-us</strong></span> <span class='ocrx_word' id='word_1_385' title='bbox 967 4360 998 4411; x_wconf 80' lang='lat' dir='ltr'><strong>de</strong></span> <span class='ocrx_word' id='word_1_386' title='bbox 1010 4358 1096 4410; x_wconf 87' lang='lat' dir='ltr'><strong>Sidon</strong></span> <span class='ocrx_word' id='word_1_387' title='bbox 1113 4374 1146 4410; x_wconf 78' lang='lat' dir='ltr'><strong>ea</strong></span> <span class='ocrx_word' id='word_1_388' title='bbox 1160 4364 1241 4424; x_wconf 84' lang='lat' dir='ltr'><strong>parte</strong></span> <span class='ocrx_word' id='word_1_389' title='bbox 1259 4360 1432 4424; x_wconf 82' lang='lat' dir='ltr'><strong>imperatoris</strong></span> 
     </span>
     <span class='ocr_line' id='line_1_46' title="bbox 310 4427 1478 4496; baseline 0.003 -18"><span class='ocrx_word' id='word_1_390' title='bbox 310 4433 500 4482; x_wconf 78' lang='lat' dir='ltr'><strong>tractaverunt.</strong></span> <span class='ocrx_word' id='word_1_391' title='bbox 529 4428 579 4478; x_wconf 85' lang='lat' dir='ltr'><strong>Die</strong></span> <span class='ocrx_word' id='word_1_392' title='bbox 599 4431 641 4486; x_wconf 90' lang='lat'><strong>18.</strong></span> <span class='ocrx_word' id='word_1_393' title='bbox 661 4429 738 4484; x_wconf 80' lang='lat' dir='ltr'><strong>Febr.</strong></span> <span class='ocrx_word' id='word_1_394' title='bbox 759 4446 784 4485; x_wconf 88' lang='grc' dir='ltr'><strong>α.</strong></span> <span class='ocrx_word' id='word_1_395' title='bbox 802 4433 880 4485; x_wconf 87' lang='grc'>1229.</span> <span class='ocrx_word' id='word_1_396' title='bbox 896 4436 1005 4496; x_wconf 83' lang='lat' dir='ltr'><strong>paetum</strong></span> <span class='ocrx_word' id='word_1_397' title='bbox 1024 4427 1158 4481; x_wconf 70' lang='lat' dir='ltr'><strong>bliderici</strong></span> <span class='ocrx_word' id='word_1_398' title='bbox 1175 4445 1234 4480; x_wconf 74' lang='lat' dir='ltr'><strong>enni</strong></span> <span class='ocrx_word' id='word_1_399' title='bbox 1252 4430 1364 4481; x_wconf 80' lang='lat' dir='ltr'><strong>seidcmo</strong></span> <span class='ocrx_word' id='word_1_400' title='bbox 1383 4429 1432 4480; x_wconf 72' lang='lat' dir='ltr'><strong>Et·</strong></span> <span class='ocrx_word' id='word_1_401' title='bbox 1450 4443 1478 4482; x_wconf 73' lang='lat' dir='ltr'><strong>rt</strong></span> 
     </span>
     <span class='ocr_line' id='line_1_47' title="bbox 311 4497 1201 4567; baseline 0.006 -18"><span class='ocrx_word' id='word_1_402' title='bbox 311 4497 410 4551; x_wconf 86' lang='lat' dir='ltr'><strong>Kamil</strong></span> <span class='ocrx_word' id='word_1_403' title='bbox 426 4501 523 4550; x_wconf 80' lang='lat' dir='ltr'><strong>initum</strong></span> <span class='ocrx_word' id='word_1_404' title='bbox 542 4505 587 4552; x_wconf 79' lang='lat' dir='ltr'><strong>est.</strong></span> <span class='ocrx_word' id='word_1_405' title='bbox 625 4499 883 4567; x_wconf 63' lang='lat' dir='ltr'><strong>capitationem</strong></span> <span class='ocrx_word' id='word_1_406' title='bbox 902 4503 944 4555; x_wconf 84' lang='grc'><strong>28,</strong></span> <span class='ocrx_word' id='word_1_407' title='bbox 963 4501 1041 4554; x_wconf 85' lang='lat' dir='ltr'><strong>Febr.</strong></span> <span class='ocrx_word' id='word_1_408' title='bbox 1060 4505 1126 4554; x_wconf 84' lang='lat' dir='ltr'><strong>erat.</strong></span> <span class='ocrx_word' id='word_1_409' title='bbox 1161 4499 1201 4555; x_wconf 88' lang='lat' dir='ltr'><strong>W.</strong></span> 
     </span>
    </p>
   </div>
   <div class='ocr_carea' id='block_1_4' title="bbox 0 0 1646 5150">
    <p class='ocr_par' dir='ltr' id='par_1_10' title="bbox 0 0 1646 5150">
     <span class='ocr_line' id='line_1_48' title="bbox 0 0 1646 5150; baseline 0 1"><span class='ocrx_word' id='word_1_410' title='bbox 0 0 1646 5150; x_wconf 95' lang='lat' dir='ltr'><strong> </strong></span> 
     </span>
    </p>
   </div>
  </div>
 </body>
</html>
