3284 5150
307 479 326 532 4
626 475 807 532 ANNALDS
825 473 1117 531 MARBAGDNSDS.

164 635 442 728 mss'gssssfflegnente
458 671 572 708 uxorem
589 654 732 708 duxerat
748 653 937 708 Bersvvindam
951 653 1108 721 nomine,
1127 652 1214 706 filium
1229 652 1331 706 sororis
1346 652 1434 735 sancti

308 724 482 795 Leodegarii,
510 741 632 780 sororem
651 726 778 780 videlieet
804 725 908 795 regine.
946 723 990 778 Ob
1017 725 1089 778 hano
1112 741 1222 778 causam
1240 724 1433 794 consanguim-

308 795 373 849 tatis
398 813 415 850 a
438 795 547 866 prefato
565 813 631 867 rege
649 797 780 850 ducatum
799 795 948 851 Germanic
967 796 1083 865 adeptus
1101 799 1155 850 est
1172 795 1322 863 habuitque
1340 795 1433 849 sedem

308 867 337 920 in
364 866 430 920 villa
456 868 532 937 regia
559 867 703 922 Ehenhem
733 873 768 922 et-
797 868 827 921 in
854 871 943 921 castro
974 865 1048 935 quod
1074 866 1229 921 Honburoh
1259 867 1432 935 nominatum

309 945 504 1025 genuitquel
526 951 627 1008 filiam
651 968 669 1008 a
696 951 864 1008 nativitate
894 967 1001 1007 cecam
1031 950 1160 1006 nomine
1183 948 1320 1018 Odilam,
1352 966 1466 1024 quaes

309 1039 350 1096 ab
379 1039 547 1110 Herbardo
577 1040 801 1114 Ratisponensi
832 1039 977 1114 episeopo
1007 1043 1040 1096 et
1061 1037 1217 1112 Hyldulfo
1247 1038 1433 1095 Treverensi

309 1127 472 1202 baptizata
494 1129 527 1185 in
553 1145 641 1186 sacro
664 1128 753 1185 fonte
776 1129 883 1184 visum
905 1128 1029 1203 recepit.

182 1211 298 1253 aarum.
415 1204 573 1259 Dbroinusi
591 1205 725 1274 igitur,
743 1205 823 1258 dum
840 1204 962 1257 Francos
980 1203 1129 1258 crudeliter
1154 1204 1365 1274 opprimeret,
1391 1203 1433 1257 ab

309 1275 492 1330 Ermenfredo
521 1277 664 1330 occisus
692 1280 762 1343 est,
790 1274 989 1329 etWaranto
1016 1275 1119 1328 maior
1146 1275 1244 1328 domus
1272 1292 1289 1327 a
1314 1274 1433 1328 Theo·

309 1346 435 1400 derico
461 1347 671 1402 constituitur.
716 1346 791 1416 Quo
817 1345 954 1400 defuncto
978 1347 1080 1400 Franci
1105 1347 1134 1398 in
1158 1345 1265 1399 diversa
1290 1345 1433 1400 tendentes
1452 1361 1483 1398 10

309 1417 477 1471 vacillabant
495 1421 529 1472 et
543 1417 740 1472 Berecharium
760 1418 905 1486 quendum,
924 1422 1030 1471 statura
1047 1417 1186 1486 pusillum,
1205 1416 1338 1485 sapientia
1355 1417 1433 1487 igno-

309 1487 402 1555 bilem,
413 1488 525 1542 consilio
539 1489 673 1558 inutilem,
682 1489 816 1543 maiorem
828 1488 926 1542 domus
939 1488 1064 1558 palacii
1077 1488 1235 1542 oberrantes
1247 1491 1431 1544 statuerunt.

233 1566 298 1607 Bm.
416 1558 568 1627 Pippinus³
595 1560 714 1630 igitur
743 1561 813 1627 dux,
844 1559 917 1612 filius
944 1559 1056 1630 Argiai,
1086 1576 1173 1628 nepos
1200 1559 1287 1612 sancti
1313 1558 1433 1627 Amulli,

187 1629 523 1684 ru.rct.decedentibus⁴
548 1631 667 1700 regibus,
693 1631 753 1700 qui
775 1632 844 1684 iam
870 1630 1001 1684 dudum
1027 1630 1239 1685 dominabantur
1263 1631 1292 1683 in
1310 1629 1432 1698 Austris,

309 1702 464 1754 terram⁵
483 1702 554 1755 sibi
571 1702 839 1756 vendicaverat
857 1705 892 1755 et
910 1719 1084 1771 consurgens,
1096 1704 1235 1756 commoto
1253 1701 1332 1754 hoste
1350 1719 1433 1770 quum
1452 1715 1481 1754 ro
1511 1765 1515 1771 ¹

309 1771 437 1896 p'lurimo,
466 1776 562 1826 contra
585 1773 784 1827 Theodericum
812 1789 907 1842 regem
937 1778 966 1827 et
992 1772 1187 1826 Berecharium
1215 1772 1302 1826 aciem
1330 1772 1431 1840 dirigit.

336 1842 424 1910 lisque
450 1843 522 1896 inter
549 1861 578 1896 se
605 1843 905 1911 decertantibus,
930 1843 1114 1898 Theodericus
1141 1862 1191 1898 rex
1218 1860 1274 1896 uua
1299 1861 1362 1897 cum
1380 1843 1432 1896 Be-

309 1913 435 1967 rechario
453 1918 533 1984 terga
550 1914 641 1983 vertit,
666 1913 800 1984 Pippinus
818 1915 907 1969 victor
929 1915 1029 1981 extitit,
1057 1919 1091 1969 et
1109 1914 1289 1968 Bereeharius
1307 1915 1342 1968 ab
1361 1915 1433 1968 ini·

309 1983 415 2037 micis
439 1983 514 2038 suis
539 1989 751 2055 peremptus
777 1989 826 2041 est.
863 1984 930 2039 Post
950 1986 1001 2039 hec
1020 1985 1152 2055 Pippinus
1173 1985 1244 2038 dux
1262 1985 1432 2040 Theoderico

311 2058 448 2110 aunuente
479 2056 552 2124 oepit
582 2073 640 2110 esse
667 2057 702 2109 in
732 2057 878 2126 principali
910 2058 1046 2127 regimine
1075 2056 1164 2111 maior
1193 2056 1299 2112 domus.
1347 2055 1433 2126 (ὶιιί6
1451 2071 1480 2109 ro

310 2127 398 2250 niulta
416 2127 488 2180 bella
506 2127 589 2197 gessit
607 2130 702 2182 eontra
714 2126 889 2196 Rapotonem
905 2129 1047 2198 gentilem,
1066 2132 1162 2182 contra
1174 2127 1278 2183 Suevos
1297 2133 1332 2182 et
1350 2145 1433 2197 quam

340 2198 442 2251 urimas
480 2202 564 2254 entes.

310 2216 328 2267 p
418 2216 615 2324 Thioderico⁷
642 2269 845 2324 decedente
872 2269 1026 2324 Olodoveus
1056 2269 1129 2323 filius
1160 2269 1218 2322 eius
1247 2270 1431 2350 regnavit,

310 2343 392 2408 post
413 2357 514 2408 quem
532 2340 728 2409 Hyldebertus,
747 2341 880 2394 deinde
899 2340 1080 2410 Dagopertus,
1118 2339 1273 2409 Pippinus⁸
1291 2344 1431 2408 itaque,

216 2409 391 2466 *meadum
409 2411 593 2479 principatum
618 2411 760 2479 palacii
788 2412 838 2464 sub
865 2411 1056 2479 predictis
1082 2410 1192 2480 regibus
1219 2410 1297 2463 anuis
1315 2410 1432 2465 XXVII
1451 2425 1478 2463 sc

234 2491 299 2531 aas.
312 2481 461 2550 egregie
480 2482 803 2548 amministrasset,
816 2485 995 2534 mortuusest
1013 2482 1117 2534 anno⁹
1135 2482 1175 2535 ab
1193 2481 1431 2535 incarnatione

310 2551 455 2606 Domini
479 2551 650 2609 DOOXIIII.
693 2551 787 2606 Eius
814 2552 1064 2621 temporibus
1088 2552 1143 2607 duo
1168 2552 1255 2623 Angli
1279 2553 1433 2622 presbyteri

310 2622 464 2691 Ewaldi‚
490 2623 557 2676 dum
576 2623 731 2678 Saxonibus
749 2623 932 2692 predicarent,
957 2624 1089 2692 martyrio
1108 2625 1232 2678 coronati
1249 2628 1277 2678 et
1294 2625 1432 2678 miraculis

311 2693 450 2763 declarati,
468 2695 503 2748 ab
522 2694 532 2747 i
538 2711 600 2763 pso
619 2693 734 2748 Gelonie
751 2694 881 2748 tumulati
900 2699 964 2748 sunt
988 2712 1079 2749 anno
1098 2696 1243 2749 Domini
1260 2695 1431 2751 DOXGIHI.
1456 2711 1458 2718 ’

418 2764 596 2833 Sequenti
615 2782 706 2819 anno
725 2768 835 2819 sanctus
847 2765 1044 2820 Willibrordus
1061 2784 1077 2820 a
1093 2766 1190 2835 Sergio
1208 2784 1281 2836 papa
1299 2768 1432 2836 archiepi·
1450 2780 1477 2818 ao

311 2853 408 2905 scopus
427 2836 568 2890 ordinatus
595 2838 671 2906 genti
689 2837 843 2891 Fresonum
862 2837 1014 2907 predicans,
1032 2838 1179 2892 virtutibus
1198 2838 1303 2894 claruit.

183 2916 299 2956 Iaitfltrt
416 2906 541 2977 Igitur
559 2878 717 2977 Dippino
743 2912 885 2962 mortuo
903 2908 1038 2962 Franci
1055 2908 1287 2979 Raginfredum¹⁰
1304 2909 1333 2962 in
1358 2909 1431 2978 priu-

310 2978 431 3047 cipatum
456 2979 589 3033 maiorem
613 2979 713 3048 palacii
738 2980 896 3049 elegerunt;
922 2980 971 3048 qui
979 2981 1000 3011 ¹¹
1021 2980 1186 3051 Dagoberto
1211 2998 1285 3050 rege
1308 2985 1431 3033 mortuo

311 3066 387 3103 cum
405 3049 536 3105 Francis
554 3050 698 3105 Danielem
723 3051 861 3120 quendam
882 3052 1020 3119 clericum,
1046 3053 1147 3106 cesarie
1169 3051 1266 3120 capitis
1284 3055 1431 3118 crescente,

196 3131 225 3169 st.
239 3120 338 3173 stain
355 3139 472 3191 reguum
493 3122 617 3175 statuit
641 3126 723 3190 atque
741 3121 924 3190 Hylbericum
942 3124 1132 3191 nuncupavit.
1175 3121 1283 3175 Eodem
1307 3124 1432 3190 tempore
1451 3133 1477 3173 oo

309 3190 429 3245 Karolus
447 3192 529 3259 dux,
547 3191 620 3246 filius
631 3192 781 3262 Pippini¹²,
800 3193 836 3245 in
848 3193 1001 3245 Austria
1020 3193 1130 3246 semel
1147 3196 1180 3245 et
1197 3193 1297 3245 iterum
1310 3192 1432 3245 exercitu

310 3266 448 3316 commoto
469 3267 565 3316 contra
582 3262 757 3317 Hilbericum
775 3280 896 3331 regem
914 3267 950 3316 et
969 3262 1169 3332 Ruginfredum
1186 3264 1358 3317 maiorem
1376 3264 1431 3317 do·

310 3350 398 3403 mus,
417 3350 480 3401 pro
498 3333 715 3402 principatu
734 3331 1230 3402 decertantibus²,Hylbericus
1249 3351 1312 3388 cum
1328 3332 1432 3405 Bagin-

310 3478 332 3524 a)
346 3476 378 3513 s'ta
391 3486 422 3523 ο.)
437 3476 465 3522 cf.
479 3476 616 3514 bellantibus
630 3475 679 3517 Lib.
693 3476 749 3517 Eiet.

311 3601 337 3667 1)
358 3599 433 3651 Haec
450 3598 572 3664 legendas
587 3597 727 3650 Odilianac
744 3600 842 3651 relatio
860 3599 934 3651 brevi
953 3602 1040 3652 actui
1056 3600 1151 3652 codicsb
1167 3602 1312 3654 Bcracnssa
1329 3619 1373 3657 nr.
1386 3604 1429 3657 47.
1448 3612 1476 3651 to

309 3686 374 3725 saco.
384 3670 435 3724 XI.
448 3670 586 3721 simillima
598 3676 644 3736 eet,
657 3686 733 3736 quem
742 3670 849 3736 Pfister,
861 3670 909 3722 ‘Le
920 3670 1004 3722 ducti
1014 3669 1193 3738 merovingius
1204 3672 1338 3725 d'Alsoce'
1348 3690 1376 3739 p.
1385 3675 1430 3728 41.

308 3742 397 3806 edidit,
408 3742 453 3794 sed
461 3756 516 3793 non
523 3747 591 3793 reste
599 3756 664 3795 saco.
672 3741 724 3795 IX.
735 3741 858 3792 attibuit
866 3742 913 3808 (cf.
920 3742 1050 3808 Ws‘cpcnd
1058 3744 1089 3793 in
1096 3743 1264 3807 ‘Zeitsctrt'st
1273 3745 1295 3807 f.
1303 3745 1329 3799 d.
1339 3744 1429 3797 Gessit.

309 3813 354 3863 dea
367 3811 527 3864 Oberrheins
538 3812 573 3866 N.
587 3812 630 3865 F!
642 3812 706 3878 VII,
719 3828 749 3878 p.
760 3814 831 3877 731).
889 3813 918 3881 2)
930 3811 1069 3865 Ebroinua
1079 3843 1115 3852 -
1127 3817 1282 3867 statuerunt
1293 3816 1324 3880 (l.
1339 3818 1386 3873 12)
1397 3831 1431 3867 ca·

309 3883 393 3935 ntro
404 3883 476 3937 Hiet.
489 3883 591 3937 Franc.
610 3898 631 3938 c.
644 3885 687 3937 47.
700 3886 743 3937 48.
810 3884 838 3949 3)
849 3881 983 3952 Pippinus
996 3914 1028 3922 -
1042 3883 1152 3936 Amulfi
1167 3886 1204 3948 cf.
1217 3886 1382 3939 chwhtum
1394 3886 1431 3937 ad

309 3966 334 4009 a.
355 3956 415 4009 714.
498 3955 526 4021 4)
543 3952 738 4007 decedentibus
755 3984 791 3992 -
809 3953 924 4006 Austria
941 3957 976 4019 cf.
994 3955 1109 4007 Librum
1127 3956 1200 4012 Has.
1219 3958 1320 4013 Franc.
1345 3974 1366 4011 c.
1384 3958 1476 4011 4141

309 4026 337 4092 ὅ)
360 4024 433 4087 Quae
450 4031 601 4090 sequuntur
618 4042 652 4077 ea·
668 4026 753 4079 Libro
775 4025 843 4081 Hist.
862 4040 883 4079 c.
896 4028 940 4081 48.
958 4026 1098 4094 desumpta
1115 4034 1198 4090 suna·
1218 4027 1270 4081 sibi
1287 4026 1429 4081 vendicav.

308 4097 344 4159 cf.
368 4095 509 4147 Einhards‘
529 4096 619 4147 Vitam
642 4096 745 4149 Karoli
767 4112 788 4151 c.
808 4100 833 4151 2.
918 4099 945 4164 6)
972 4097 1077 4149 Abhinc
1094 4114 1127 4151 aa
1144 4100 1230 4151 Libro
1246 4099 1321 4154 ΗΜ.
1346 4114 1367 4153 c.
1385 4101 1430 4154 49.

309 4167 336 4234 7)
358 4166 400 4229 cf.
420 4166 533 4218 Librum
549 4166 622 4221 Hist.
642 4184 662 4221 c.
676 4169 718 4223 49.
732 4171 776 4223 50.
842 4166 870 4237 8)
888 4166 1023 4236 Pippinus
1034 4200 1070 4208 -
1082 4172 1206 4222 mortuus
1224 4173 1266 4222 est
1283 4172 1316 4235 (l.
1327 4172 1376 4231 26)
1394 4172 1429 4235 ef.

310 4238 404 4290 ibidem
417 4252 437 4291 c.
448 4240 497 4305 513
510 4238 620 4307 egregie
634 4238 794 4293 amministr.
808 4239 843 4303 cf.
857 4239 999 4291 Einhordi
1008 4242 1098 4309 Vitam
1107 4241 1179 4295 Kar.
1193 4256 1213 4294 c.
1224 4244 1250 4295 2.
1316 4242 1344 4304 9)
1356 4241 1430 4303 Quas

308 4314 457 4375 aquantur
475 4324 508 4359 ec·
525 4308 660 4362 Baucide
677 4311 824 4378 desumpta.
898 4312 941 4376 10)
961 4310 1161 4379 nginfredum
1178 4341 1215 4351 -
1233 4311 1376 4380 elegemmt
1396 4327 1430 4363 ccc
1447 4320 1475 4361 to

308 4380 392 4433 Libro
410 4380 482 4434 Hist.
502 4395 523 4435 c.
536 4381 579 4435 51.
647 4380 691 4449 11)
710 4381 758 4449 qui
773 4412 809 4421 -
825 4382 995 4450 nuncupavit
1012 4384 1129 4435 inditam
1146 4398 1167 4437 e.
1181 4384 1224 4437 52.
1296 4384 1341 4450 12)
1357 4380 1429 4434 filius

308 4448 420 4519 Pippini
438 4451 474 4515 cf.
493 4451 657 4505 Berncldum
675 4454 712 4505 ad
730 4469 756 4507 a.
771 4455 832 4508 726.
