<?xml version="1.0" encoding="UTF-8"?>
<!DOCTYPE html PUBLIC "-//W3C//DTD XHTML 1.0 Transitional//EN"
    "http://www.w3.org/TR/xhtml1/DTD/xhtml1-transitional.dtd">
<html xmlns="http://www.w3.org/1999/xhtml" xml:lang="en" lang="en">
 <head>
  <title>
</title>
<meta http-equiv="Content-Type" content="text/html;charset=utf-8" />
  <meta name='ocr-system' content='tesseract 3.04.00' />
  <meta name='ocr-capabilities' content='ocr_page ocr_carea ocr_par ocr_line ocrx_word'/>
</head>
<body>
  <div class='ocr_page' id='page_1' title='image "./annalesmarbacen00frangoog_0095.png"; bbox 0 0 3284 5150; ppageno 0'>
   <div class='ocr_carea' id='block_1_1' title="bbox 526 540 1334 600">
    <p class='ocr_par' dir='ltr' id='par_1_1' title="bbox 526 540 1334 600">
     <span class='ocr_line' id='line_1_1' title="bbox 526 540 1334 600; baseline 0.002 -2"><span class='ocrx_word' id='word_1_1' title='bbox 526 541 707 598; x_wconf 60' lang='lat' dir='ltr'>sununs</span> <span class='ocrx_word' id='word_1_2' title='bbox 725 540 1014 600; x_wconf 75' lang='lat' dir='ltr'>MARBAansns</span> <span class='ocrx_word' id='word_1_3' title='bbox 1297 546 1334 600; x_wconf 78' lang='lat' dir='ltr'>di</span> 
     </span>
    </p>
   </div>
   <div class='ocr_carea' id='block_1_2' title="bbox 211 724 1423 989">
    <p class='ocr_par' dir='ltr' id='par_1_2' title="bbox 211 724 1423 989">
     <span class='ocr_line' id='line_1_2' title="bbox 211 724 1423 810; baseline -0.005 -18"><span class='ocrx_word' id='word_1_4' title='bbox 211 727 275 792; x_wconf 88' lang='lat' dir='ltr'>filii</span> <span class='ocrx_word' id='word_1_5' title='bbox 299 726 434 792; x_wconf 86' lang='lat' dir='ltr'>comitis</span> <span class='ocrx_word' id='word_1_6' title='bbox 458 727 501 792; x_wconf 87' lang='lat' dir='ltr'>de</span> <span class='ocrx_word' id='word_1_7' title='bbox 525 724 684 803; x_wconf 84' lang='lat' dir='ltr'>Dunns¹,</span> <span class='ocrx_word' id='word_1_8' title='bbox 710 745 823 791; x_wconf 87' lang='lat' dir='ltr'>comes</span> <span class='ocrx_word' id='word_1_9' title='bbox 847 725 889 790; x_wconf 90' lang='lat' dir='ltr'>de</span> <span class='ocrx_word' id='word_1_10' title='bbox 913 725 1141 810; x_wconf 84' lang='lat' dir='ltr'>Bichelingen</span> <span class='ocrx_word' id='word_1_11' title='bbox 1164 730 1200 792; x_wconf 85' lang='lat' dir='ltr'>et</span> <span class='ocrx_word' id='word_1_12' title='bbox 1222 727 1333 792; x_wconf 82' lang='lat' dir='ltr'>freter</span> <span class='ocrx_word' id='word_1_13' title='bbox 1344 731 1423 791; x_wconf 75' lang='lat'><strong>1105.</strong></span> 
     </span>
     <span class='ocr_line' id='line_1_3' title="bbox 212 814 1332 894; baseline 0.001 -14"><span class='ocrx_word' id='word_1_14' title='bbox 212 817 325 894; x_wconf 74' lang='lat' dir='ltr'>suus2,</span> <span class='ocrx_word' id='word_1_15' title='bbox 343 835 456 880; x_wconf 89' lang='lat' dir='ltr'>comes</span> <span class='ocrx_word' id='word_1_16' title='bbox 479 816 522 880; x_wconf 88' lang='lat' dir='ltr'>de</span> <span class='ocrx_word' id='word_1_17' title='bbox 539 814 717 892; x_wconf 82' lang='lat' dir='ltr'>Bilstein³,</span> <span class='ocrx_word' id='word_1_18' title='bbox 743 835 856 879; x_wconf 90' lang='lat' dir='ltr'>comes</span> <span class='ocrx_word' id='word_1_19' title='bbox 879 814 922 878; x_wconf 88' lang='lat' dir='ltr'>de</span> <span class='ocrx_word' id='word_1_20' title='bbox 935 814 1163 882; x_wconf 84' lang='lat' dir='ltr'>Wertenberc</span> <span class='ocrx_word' id='word_1_21' title='bbox 1171 816 1194 893; x_wconf 83' lang='lat'>⁴,</span> <span class='ocrx_word' id='word_1_22' title='bbox 1219 834 1332 881; x_wconf 88' lang='lat' dir='ltr'>comes</span> 
     </span>
     <span class='ocr_line' id='line_1_4' title="bbox 214 899 1331 989; baseline -0.002 -19"><span class='ocrx_word' id='word_1_23' title='bbox 214 899 304 989; x_wconf 65' lang='lat' dir='ltr'>[de2]</span> <span class='ocrx_word' id='word_1_24' title='bbox 331 904 526 970; x_wconf 87' lang='lat' dir='ltr'>Wertheim</span> <span class='ocrx_word' id='word_1_25' title='bbox 536 902 558 965; x_wconf 85' lang='lat'>⁵.</span> <span class='ocrx_word' id='word_1_26' title='bbox 611 902 769 968; x_wconf 85' lang='lat' dir='ltr'>Aliorum</span> <span class='ocrx_word' id='word_1_27' title='bbox 798 922 881 969; x_wconf 82' lang='lat' dir='ltr'>vero</span> <span class='ocrx_word' id='word_1_28' title='bbox 912 904 1123 988; x_wconf 80' lang='lat' dir='ltr'>principum,</span> <span class='ocrx_word' id='word_1_29' title='bbox 1155 905 1331 984; x_wconf 89' lang='lat' dir='ltr'>comitum,</span> 
     </span>
    </p>
   </div>
   <div class='ocr_carea' id='block_1_3' title="bbox 162 992 1435 2764">
    <p class='ocr_par' dir='ltr' id='par_1_3' title="bbox 177 992 1333 1254">
     <span class='ocr_line' id='line_1_5' title="bbox 212 992 1333 1076; baseline -0.002 -17"><span class='ocrx_word' id='word_1_30' title='bbox 212 995 381 1059; x_wconf 86' lang='lat' dir='ltr'>baronum</span> <span class='ocrx_word' id='word_1_31' title='bbox 405 996 440 1058; x_wconf 88' lang='lat' dir='ltr'>et</span> <span class='ocrx_word' id='word_1_32' title='bbox 462 992 642 1069; x_wconf 87' lang='lat' dir='ltr'>nobilium,</span> <span class='ocrx_word' id='word_1_33' title='bbox 666 1013 812 1076; x_wconf 85' lang='lat' dir='ltr'>quornm</span> <span class='ocrx_word' id='word_1_34' title='bbox 836 993 977 1056; x_wconf 83' lang='lat' dir='ltr'>nomina</span> <span class='ocrx_word' id='word_1_35' title='bbox 999 993 1254 1076; x_wconf 78' lang='lat' dir='ltr'>supersedimus</span> <span class='ocrx_word' id='word_1_36' title='bbox 1283 995 1333 1057; x_wconf 91' lang='lat' dir='ltr'>in·</span> 
     </span>
     <span class='ocr_line' id='line_1_6' title="bbox 177 1081 1332 1166; baseline -0.001 -20"><span class='ocrx_word' id='word_1_37' title='bbox 177 1083 377 1159; x_wconf 82' lang='lat' dir='ltr'>secribere,</span> <span class='ocrx_word' id='word_1_38' title='bbox 424 1081 565 1166; x_wconf 88' lang='lat' dir='ltr'>plurimi</span> <span class='ocrx_word' id='word_1_39' title='bbox 602 1083 702 1146; x_wconf 84' lang='lat' dir='ltr'>erant</span> <span class='ocrx_word' id='word_1_40' title='bbox 739 1081 800 1164; x_wconf 90' lang='lat' dir='ltr'>qui</span> <span class='ocrx_word' id='word_1_41' title='bbox 845 1101 924 1146; x_wconf 90' lang='lat' dir='ltr'>cnm</span> <span class='ocrx_word' id='word_1_42' title='bbox 963 1081 1112 1146; x_wconf 84' lang='lat' dir='ltr'>msxime</span> <span class='ocrx_word' id='word_1_43' title='bbox 1153 1082 1332 1146; x_wconf 88' lang='lat' dir='ltr'>hominum</span> 
     </span>
     <span class='ocr_line' id='line_1_7' title="bbox 212 1170 1182 1254; baseline -0.001 -20"><span class='ocrx_word' id='word_1_44' title='bbox 212 1170 438 1236; x_wconf 89' lang='lat' dir='ltr'>multitudine</span> <span class='ocrx_word' id='word_1_45' title='bbox 462 1170 664 1235; x_wconf 86' lang='lat' dir='ltr'>elericorum</span> <span class='ocrx_word' id='word_1_46' title='bbox 688 1173 724 1235; x_wconf 89' lang='lat' dir='ltr'>et</span> <span class='ocrx_word' id='word_1_47' title='bbox 747 1170 915 1235; x_wconf 76' lang='lat' dir='ltr'>laicorum</span> <span class='ocrx_word' id='word_1_48' title='bbox 938 1171 1068 1254; x_wconf 80' lang='lat' dir='ltr'>signati</span> <span class='ocrx_word' id='word_1_49' title='bbox 1090 1173 1182 1235; x_wconf 88' lang='lat' dir='ltr'>sunt.</span> 
     </span>
    </p>

    <p class='ocr_par' dir='ltr' id='par_1_4' title="bbox 211 1258 1333 1521">
     <span class='ocr_line' id='line_1_8' title="bbox 319 1258 1333 1344; baseline 0 -20"><span class='ocrx_word' id='word_1_50' title='bbox 319 1259 385 1324; x_wconf 91' lang='lat' dir='ltr'>His</span> <span class='ocrx_word' id='word_1_51' title='bbox 423 1280 505 1344; x_wconf 86' lang='lat' dir='ltr'>ergo</span> <span class='ocrx_word' id='word_1_52' title='bbox 542 1258 593 1322; x_wconf 84' lang='lat' dir='ltr'>ite</span> <span class='ocrx_word' id='word_1_53' title='bbox 630 1259 737 1342; x_wconf 85' lang='lat' dir='ltr'>gestis</span> <span class='ocrx_word' id='word_1_54' title='bbox 777 1258 887 1342; x_wconf 83' lang='lat' dir='ltr'>legati</span> <span class='ocrx_word' id='word_1_55' title='bbox 930 1259 973 1324; x_wconf 91' lang='lat' dir='ltr'>de</span> <span class='ocrx_word' id='word_1_56' title='bbox 1011 1259 1124 1344; x_wconf 78' lang='lat' dir='ltr'>Cypro</span> <span class='ocrx_word' id='word_1_57' title='bbox 1170 1259 1333 1342; x_wconf 77' lang='lat' dir='ltr'>quidam⁶</span> 
     </span>
     <span class='ocr_line' id='line_1_9' title="bbox 211 1347 1332 1432; baseline 0.004 -19"><span class='ocrx_word' id='word_1_58' title='bbox 211 1351 381 1414; x_wconf 86' lang='lat' dir='ltr'>venerunt</span> <span class='ocrx_word' id='word_1_59' title='bbox 410 1349 448 1412; x_wconf 88' lang='lat' dir='ltr'>in</span> <span class='ocrx_word' id='word_1_60' title='bbox 480 1348 652 1412; x_wconf 86' lang='lat' dir='ltr'>mendatis</span> <span class='ocrx_word' id='word_1_61' title='bbox 683 1347 862 1424; x_wconf 84' lang='lat' dir='ltr'>hebentes,</span> <span class='ocrx_word' id='word_1_62' title='bbox 893 1350 934 1412; x_wconf 90' lang='lat' dir='ltr'>ut</span> <span class='ocrx_word' id='word_1_63' title='bbox 963 1349 1163 1432; x_wconf 90' lang='lat' dir='ltr'>optinerent</span> <span class='ocrx_word' id='word_1_64' title='bbox 1197 1348 1242 1413; x_wconf 85' lang='lat' dir='ltr'>eb</span> <span class='ocrx_word' id='word_1_65' title='bbox 1271 1349 1332 1417; x_wconf 89' lang='lat' dir='ltr'>im·</span> 
     </span>
     <span class='ocr_line' id='line_1_10' title="bbox 211 1436 1331 1521; baseline 0.001 -18"><span class='ocrx_word' id='word_1_66' title='bbox 211 1441 386 1521; x_wconf 78' lang='lat' dir='ltr'>peratore,</span> <span class='ocrx_word' id='word_1_67' title='bbox 426 1437 518 1520; x_wconf 87' lang='lat' dir='ltr'>quod</span> <span class='ocrx_word' id='word_1_68' title='bbox 558 1437 691 1518; x_wconf 84' lang='lat' dir='ltr'>aliquos</span> <span class='ocrx_word' id='word_1_69' title='bbox 730 1457 771 1503; x_wconf 88' lang='lat' dir='ltr'>ex</span> <span class='ocrx_word' id='word_1_70' title='bbox 809 1436 919 1502; x_wconf 82' lang='lat' dir='ltr'>latere</span> <span class='ocrx_word' id='word_1_71' title='bbox 956 1437 1128 1521; x_wconf 80' lang='lat' dir='ltr'>imperiali</span> <span class='ocrx_word' id='word_1_72' title='bbox 1166 1438 1331 1521; x_wconf 83' lang='lat' dir='ltr'>dirigeret</span> 
     </span>
    </p>

    <p class='ocr_par' dir='ltr' id='par_1_5' title="bbox 166 1524 1331 1965">
     <span class='ocr_line' id='line_1_11' title="bbox 166 1524 1330 1610; baseline 0.002 -22"><span class='ocrx_word' id='word_1_73' title='bbox 166 1549 193 1588; x_wconf 83' lang='lat' dir='ltr'>m</span> <span class='ocrx_word' id='word_1_74' title='bbox 211 1526 497 1610; x_wconf 79' lang='lat' dir='ltr'>archiepiscopos,</span> <span class='ocrx_word' id='word_1_75' title='bbox 530 1526 588 1608; x_wconf 88' lang='lat' dir='ltr'>qni</span> <span class='ocrx_word' id='word_1_76' title='bbox 618 1545 733 1610; x_wconf 87' lang='lat' dir='ltr'>regem</span> <span class='ocrx_word' id='word_1_77' title='bbox 758 1524 885 1610; x_wconf 67' lang='lat' dir='ltr'>prril</span> <span class='ocrx_word' id='word_1_78' title='bbox 907 1531 1078 1609; x_wconf 85' lang='lat' dir='ltr'>ungerent</span> <span class='ocrx_word' id='word_1_79' title='bbox 1108 1528 1146 1591; x_wconf 89' lang='lat' dir='ltr'>in</span> <span class='ocrx_word' id='word_1_80' title='bbox 1175 1547 1330 1610; x_wconf 82' lang='lat' dir='ltr'>regnum,</span> 
     </span>
     <span class='ocr_line' id='line_1_12' title="bbox 211 1614 1330 1699; baseline -0.001 -20"><span class='ocrx_word' id='word_1_81' title='bbox 211 1615 292 1698; x_wconf 84' lang='lat' dir='ltr'>quie</span> <span class='ocrx_word' id='word_1_82' title='bbox 329 1615 402 1699; x_wconf 90' lang='lat' dir='ltr'>ipse</span> <span class='ocrx_word' id='word_1_83' title='bbox 442 1635 575 1699; x_wconf 91' lang='lat' dir='ltr'>semper</span> <span class='ocrx_word' id='word_1_84' title='bbox 612 1614 719 1679; x_wconf 79' lang='lat' dir='ltr'>vellet</span> <span class='ocrx_word' id='word_1_85' title='bbox 753 1615 857 1679; x_wconf 92' lang='lat' dir='ltr'>homo</span> <span class='ocrx_word' id='word_1_86' title='bbox 894 1615 1031 1699; x_wconf 86' lang='lat' dir='ltr'>imperii</span> <span class='ocrx_word' id='word_1_87' title='bbox 1065 1635 1138 1680; x_wconf 88' lang='lat' dir='ltr'>essc</span> <span class='ocrx_word' id='word_1_88' title='bbox 1172 1616 1330 1680; x_wconf 78' lang='lat' dir='ltr'>Romani.</span> 
     </span>
     <span class='ocr_line' id='line_1_13' title="bbox 211 1703 1330 1788; baseline 0.002 -20"><span class='ocrx_word' id='word_1_89' title='bbox 211 1703 312 1782; x_wconf 81' lang='lat' dir='ltr'>Quod</span> <span class='ocrx_word' id='word_1_90' title='bbox 335 1705 386 1768; x_wconf 84' lang='lat' dir='ltr'>ite</span> <span class='ocrx_word' id='word_1_91' title='bbox 408 1704 542 1769; x_wconf 82' lang='lat' dir='ltr'>festum</span> <span class='ocrx_word' id='word_1_92' title='bbox 566 1707 628 1768; x_wconf 89' lang='lat' dir='ltr'>est.</span> <span class='ocrx_word' id='word_1_93' title='bbox 675 1703 765 1767; x_wconf 85' lang='lat' dir='ltr'>Nam</span> <span class='ocrx_word' id='word_1_94' title='bbox 795 1703 984 1788; x_wconf 83' lang='lat' dir='ltr'>imperator</span> <span class='ocrx_word' id='word_1_95' title='bbox 1015 1703 1141 1768; x_wconf 84' lang='lat' dir='ltr'>direxit</span> <span class='ocrx_word' id='word_1_96' title='bbox 1171 1725 1191 1768; x_wconf 86' lang='lat' dir='ltr'>s</span> <span class='ocrx_word' id='word_1_97' title='bbox 1221 1703 1330 1770; x_wconf 79' lang='lat' dir='ltr'>lutere</span> 
     </span>
     <span class='ocr_line' id='line_1_14' title="bbox 210 1792 1331 1876; baseline 0 -20"><span class='ocrx_word' id='word_1_98' title='bbox 210 1813 272 1857; x_wconf 89' lang='lat' dir='ltr'>suo</span> <span class='ocrx_word' id='word_1_99' title='bbox 303 1793 423 1858; x_wconf 86' lang='lat' dir='ltr'>fideles</span> <span class='ocrx_word' id='word_1_100' title='bbox 446 1796 483 1858; x_wconf 87' lang='lat' dir='ltr'>et</span> <span class='ocrx_word' id='word_1_101' title='bbox 512 1793 639 1856; x_wconf 84' lang='lat' dir='ltr'>amicos</span> <span class='ocrx_word' id='word_1_102' title='bbox 670 1792 946 1876; x_wconf 83' lang='lat' dir='ltr'>archiepiscopos</span> <span class='ocrx_word' id='word_1_103' title='bbox 976 1793 1062 1856; x_wconf 89' lang='lat' dir='ltr'>duos</span> <span class='ocrx_word' id='word_1_104' title='bbox 1092 1813 1170 1858; x_wconf 92' lang='lat' dir='ltr'>cum</span> <span class='ocrx_word' id='word_1_105' title='bbox 1201 1793 1331 1857; x_wconf 88' lang='lat' dir='ltr'>eisdem</span> 
     </span>
     <span class='ocr_line' id='line_1_15' title="bbox 210 1880 1331 1965; baseline 0.002 -21"><span class='ocrx_word' id='word_1_106' title='bbox 210 1881 345 1965; x_wconf 84' lang='lat' dir='ltr'>legetis,</span> <span class='ocrx_word' id='word_1_107' title='bbox 371 1883 456 1946; x_wconf 82' lang='lat' dir='ltr'>dens</span> <span class='ocrx_word' id='word_1_108' title='bbox 480 1881 529 1946; x_wconf 89' lang='lat' dir='ltr'>eis</span> <span class='ocrx_word' id='word_1_109' title='bbox 552 1884 727 1965; x_wconf 85' lang='lat' dir='ltr'>sceptrum</span> <span class='ocrx_word' id='word_1_110' title='bbox 750 1880 786 1944; x_wconf 88' lang='lat' dir='ltr'>in</span> <span class='ocrx_word' id='word_1_111' title='bbox 811 1882 948 1964; x_wconf 88' lang='lat' dir='ltr'>signum</span> <span class='ocrx_word' id='word_1_112' title='bbox 977 1882 1028 1945; x_wconf 91' lang='lat' dir='ltr'>rei</span> <span class='ocrx_word' id='word_1_113' title='bbox 1057 1884 1164 1964; x_wconf 83' lang='lat' dir='ltr'>geste,</span> <span class='ocrx_word' id='word_1_114' title='bbox 1196 1881 1331 1948; x_wconf 86' lang='lat' dir='ltr'>scilicet</span> 
     </span>
    </p>

    <p class='ocr_par' dir='ltr' id='par_1_6' title="bbox 166 1968 1331 2123">
     <span class='ocr_line' id='line_1_16' title="bbox 166 1968 1331 2052; baseline 0.002 -20"><span class='ocrx_word' id='word_1_115' title='bbox 166 1992 192 2033; x_wconf 78' lang='lat' dir='ltr'>m</span> <span class='ocrx_word' id='word_1_116' title='bbox 210 1969 441 2034; x_wconf 81' lang='lat' dir='ltr'>Trsnensem⁸</span> <span class='ocrx_word' id='word_1_117' title='bbox 471 1973 506 2035; x_wconf 88' lang='lat' dir='ltr'>et</span> <span class='ocrx_word' id='word_1_118' title='bbox 531 1969 776 2034; x_wconf 88' lang='lat' dir='ltr'>Brundisinum</span> <span class='ocrx_word' id='word_1_119' title='bbox 786 1970 808 2030; x_wconf 80' lang='lat'>⁹.</span> <span class='ocrx_word' id='word_1_120' title='bbox 863 1968 931 2048; x_wconf 77' lang='lat' dir='ltr'>Qui</span> <span class='ocrx_word' id='word_1_121' title='bbox 961 1971 1185 2052; x_wconf 77' lang='lat' dir='ltr'>procedentes</span> <span class='ocrx_word' id='word_1_122' title='bbox 1215 1971 1331 2035; x_wconf 86' lang='lat' dir='ltr'>omnis</span> 
     </span>
     <span class='ocr_line' id='line_1_17' title="bbox 211 2057 988 2123; baseline -0.001 -2"><span class='ocrx_word' id='word_1_123' title='bbox 211 2057 277 2122; x_wconf 89' lang='lat' dir='ltr'>sibi</span> <span class='ocrx_word' id='word_1_124' title='bbox 300 2058 458 2122; x_wconf 80' lang='lat' dir='ltr'>iniuncta</span> <span class='ocrx_word' id='word_1_125' title='bbox 479 2058 677 2123; x_wconf 85' lang='lat' dir='ltr'>fidelissime</span> <span class='ocrx_word' id='word_1_126' title='bbox 701 2059 837 2123; x_wconf 87' lang='lat' dir='ltr'>executi</span> <span class='ocrx_word' id='word_1_127' title='bbox 860 2057 988 2122; x_wconf 81' lang='lat' dir='ltr'>sunt10.</span> 
     </span>
    </p>

    <p class='ocr_par' dir='ltr' id='par_1_7' title="bbox 210 2145 1435 2406">
     <span class='ocr_line' id='line_1_18' title="bbox 317 2145 1435 2231; baseline -0.004 -22"><span class='ocrx_word' id='word_1_128' title='bbox 317 2145 464 2210; x_wconf 75' lang='lat' dir='ltr'>Interim</span> <span class='ocrx_word' id='word_1_129' title='bbox 487 2147 674 2230; x_wconf 84' lang='lat' dir='ltr'>imperator</span> <span class='ocrx_word' id='word_1_130' title='bbox 698 2146 889 2223; x_wconf 81' lang='lat' dir='ltr'>laborabat,</span> <span class='ocrx_word' id='word_1_131' title='bbox 912 2147 1006 2229; x_wconf 88' lang='lat' dir='ltr'>quod</span> <span class='ocrx_word' id='word_1_132' title='bbox 1029 2147 1201 2231; x_wconf 88' lang='lat' dir='ltr'>principes</span> <span class='ocrx_word' id='word_1_133' title='bbox 1219 2148 1330 2213; x_wconf 83' lang='lat' dir='ltr'>tilium</span> <span class='ocrx_word' id='word_1_134' title='bbox 1342 2148 1435 2207; x_wconf 77' lang='lat'>1196?</span> 
     </span>
     <span class='ocr_line' id='line_1_19' title="bbox 210 2235 1331 2319; baseline 0.001 -21"><span class='ocrx_word' id='word_1_135' title='bbox 210 2255 311 2299; x_wconf 87' lang='lat' dir='ltr'>sunm</span> <span class='ocrx_word' id='word_1_136' title='bbox 319 2235 355 2313; x_wconf 83' lang='lat'>11,</span> <span class='ocrx_word' id='word_1_137' title='bbox 372 2236 432 2317; x_wconf 88' lang='lat' dir='ltr'>qui</span> <span class='ocrx_word' id='word_1_138' title='bbox 447 2236 514 2299; x_wconf 86' lang='lat' dir='ltr'>ism</span> <span class='ocrx_word' id='word_1_139' title='bbox 532 2238 608 2300; x_wconf 83' lang='lat' dir='ltr'>eret</span> <span class='ocrx_word' id='word_1_140' title='bbox 623 2235 768 2299; x_wconf 87' lang='lat' dir='ltr'>duorum</span> <span class='ocrx_word' id='word_1_141' title='bbox 786 2254 965 2312; x_wconf 82' lang='lat' dir='ltr'>annorum,</span> <span class='ocrx_word' id='word_1_142' title='bbox 978 2235 1147 2319; x_wconf 79' lang='lat' dir='ltr'>eligerent</span> <span class='ocrx_word' id='word_1_143' title='bbox 1162 2236 1200 2299; x_wconf 91' lang='lat' dir='ltr'>in</span> <span class='ocrx_word' id='word_1_144' title='bbox 1213 2255 1331 2318; x_wconf 85' lang='lat' dir='ltr'>regem</span> 
     </span>
     <span class='ocr_line' id='line_1_20' title="bbox 211 2322 1332 2406; baseline -0.001 -17"><span class='ocrx_word' id='word_1_145' title='bbox 211 2327 246 2389; x_wconf 81' lang='lat' dir='ltr'>et</span> <span class='ocrx_word' id='word_1_146' title='bbox 270 2326 335 2389; x_wconf 91' lang='lat' dir='ltr'>hoc</span> <span class='ocrx_word' id='word_1_147' title='bbox 358 2325 552 2388; x_wconf 80' lang='lat' dir='ltr'>iuramento</span> <span class='ocrx_word' id='word_1_148' title='bbox 576 2325 754 2388; x_wconf 82' lang='lat' dir='ltr'>firmarent</span> <span class='ocrx_word' id='word_1_149' title='bbox 764 2322 806 2399; x_wconf 74' lang='lat'>1²;</span> <span class='ocrx_word' id='word_1_150' title='bbox 837 2324 929 2406; x_wconf 88' lang='lat' dir='ltr'>quod</span> <span class='ocrx_word' id='word_1_151' title='bbox 952 2324 1025 2388; x_wconf 82' lang='lat' dir='ltr'>fere</span> <span class='ocrx_word' id='word_1_152' title='bbox 1056 2343 1183 2401; x_wconf 90' lang='lat' dir='ltr'>omnes,</span> <span class='ocrx_word' id='word_1_153' title='bbox 1216 2328 1332 2406; x_wconf 87' lang='lat' dir='ltr'>preter</span> 
     </span>
    </p>

    <p class='ocr_par' dir='ltr' id='par_1_8' title="bbox 162 2411 1332 2764">
     <span class='ocr_line' id='line_1_21' title="bbox 162 2411 1332 2499; baseline 0.001 -23"><span class='ocrx_word' id='word_1_154' title='bbox 162 2437 191 2476; x_wconf 80' lang='lat' dir='ltr'>so</span> <span class='ocrx_word' id='word_1_155' title='bbox 210 2413 408 2499; x_wconf 85' lang='lat' dir='ltr'>episcopum</span> <span class='ocrx_word' id='word_1_156' title='bbox 441 2412 680 2478; x_wconf 77' lang='lat' dir='ltr'>Coloniensem</span> <span class='ocrx_word' id='word_1_157' title='bbox 692 2411 727 2490; x_wconf 74' lang='lat'>1³,</span> <span class='ocrx_word' id='word_1_158' title='bbox 762 2411 966 2496; x_wconf 83' lang='lat' dir='ltr'>singillatim</span> <span class='ocrx_word' id='word_1_159' title='bbox 997 2432 1032 2476; x_wconf 95' lang='lat' dir='ltr'>se</span> <span class='ocrx_word' id='word_1_160' title='bbox 1066 2413 1222 2477; x_wconf 82' lang='lat' dir='ltr'>facturos</span> <span class='ocrx_word' id='word_1_161' title='bbox 1256 2433 1332 2496; x_wconf 91' lang='lat' dir='ltr'>pro·</span> 
     </span>
     <span class='ocr_line' id='line_1_22' title="bbox 209 2500 1331 2586; baseline -0.001 -20"><span class='ocrx_word' id='word_1_162' title='bbox 209 2503 387 2568; x_wconf 90' lang='lat' dir='ltr'>miserunt.</span> <span class='ocrx_word' id='word_1_163' title='bbox 444 2500 545 2581; x_wconf 77' lang='lat' dir='ltr'>Quod</span> <span class='ocrx_word' id='word_1_164' title='bbox 579 2502 609 2566; x_wconf 92' lang='lat' dir='ltr'>si</span> <span class='ocrx_word' id='word_1_165' title='bbox 642 2501 776 2566; x_wconf 83' lang='lat' dir='ltr'>factum</span> <span class='ocrx_word' id='word_1_166' title='bbox 810 2504 910 2580; x_wconf 88' lang='lat' dir='ltr'>esset,</span> <span class='ocrx_word' id='word_1_167' title='bbox 945 2501 1019 2586; x_wconf 90' lang='lat' dir='ltr'>ipse</span> <span class='ocrx_word' id='word_1_168' title='bbox 1054 2501 1159 2566; x_wconf 88' lang='lat' dir='ltr'>ctiam</span> <span class='ocrx_word' id='word_1_169' title='bbox 1194 2521 1331 2568; x_wconf 88' lang='lat' dir='ltr'>erucem</span> 
     </span>
     <span class='ocr_line' id='line_1_23' title="bbox 209 2591 1331 2675; baseline 0 -20"><span class='ocrx_word' id='word_1_170' title='bbox 209 2593 403 2670; x_wconf 75' lang='lat' dir='ltr'>manifeste,</span> <span class='ocrx_word' id='word_1_171' title='bbox 437 2593 528 2657; x_wconf 91' lang='lat' dir='ltr'>sicut</span> <span class='ocrx_word' id='word_1_172' title='bbox 558 2591 747 2669; x_wconf 83' lang='lat' dir='ltr'>dicebatur,</span> <span class='ocrx_word' id='word_1_173' title='bbox 784 2592 982 2675; x_wconf 84' lang='lat' dir='ltr'>accepisset.</span> <span class='ocrx_word' id='word_1_174' title='bbox 1037 2591 1137 2655; x_wconf 91' lang='lat' dir='ltr'>Unde</span> <span class='ocrx_word' id='word_1_175' title='bbox 1172 2612 1252 2656; x_wconf 88' lang='lat' dir='ltr'>oum</span> <span class='ocrx_word' id='word_1_176' title='bbox 1286 2592 1331 2655; x_wconf 85' lang='lat' dir='ltr'>sd</span> 
     </span>
     <span class='ocr_line' id='line_1_24' title="bbox 210 2680 1331 2764; baseline 0 -19"><span class='ocrx_word' id='word_1_177' title='bbox 210 2681 377 2745; x_wconf 74' lang='lat' dir='ltr'>curiem¹⁴</span> <span class='ocrx_word' id='word_1_178' title='bbox 406 2681 521 2745; x_wconf 81' lang='lat' dir='ltr'>vocati</span> <span class='ocrx_word' id='word_1_179' title='bbox 547 2680 732 2755; x_wconf 82' lang='lat' dir='ltr'>venissent,</span> <span class='ocrx_word' id='word_1_180' title='bbox 762 2682 855 2762; x_wconf 90' lang='lat' dir='ltr'>quod</span> <span class='ocrx_word' id='word_1_181' title='bbox 886 2680 1114 2764; x_wconf 79' lang='lat' dir='ltr'>promiserant</span> <span class='ocrx_word' id='word_1_182' title='bbox 1143 2701 1213 2745; x_wconf 90' lang='lat' dir='ltr'>non</span> <span class='ocrx_word' id='word_1_183' title='bbox 1242 2681 1331 2745; x_wconf 84' lang='lat' dir='ltr'>feee-</span> 
     </span>
    </p>
   </div>
   <div class='ocr_carea' id='block_1_4' title="bbox 210 2836 335 2887">
    <p class='ocr_par' dir='ltr' id='par_1_9' title="bbox 210 2836 335 2887">
     <span class='ocr_line' id='line_1_25' title="bbox 210 2836 335 2887; baseline 0.016 -14"><span class='ocrx_word' id='word_1_184' title='bbox 210 2836 232 2887; x_wconf 69' lang='grc' dir='ltr'>α)</span> <span class='ocrx_word' id='word_1_185' title='bbox 246 2836 302 2873; x_wconf 81' lang='lat' dir='ltr'>deest</span> <span class='ocrx_word' id='word_1_186' title='bbox 317 2846 335 2875; x_wconf 82' lang='lat' dir='ltr'>e.</span> 
     </span>
    </p>
   </div>
   <div class='ocr_carea' id='block_1_5' title="bbox 162 2956 1332 4587">
    <p class='ocr_par' dir='ltr' id='par_1_10' title="bbox 162 2956 1332 4587">
     <span class='ocr_line' id='line_1_26' title="bbox 165 2956 1331 3025; baseline 0.003 -17"><span class='ocrx_word' id='word_1_187' title='bbox 165 2970 192 3008; x_wconf 79' lang='lat' dir='ltr'>se</span> <span class='ocrx_word' id='word_1_188' title='bbox 212 2956 238 3025; x_wconf 91' lang='grc'>1)</span> <span class='ocrx_word' id='word_1_189' title='bbox 258 2958 418 3011; x_wconf 81' lang='lat' dir='ltr'>Lambertns</span> <span class='ocrx_word' id='word_1_190' title='bbox 435 2963 459 3010; x_wconf 83' lang='lat' dir='ltr'>st</span> <span class='ocrx_word' id='word_1_191' title='bbox 470 2958 612 3022; x_wconf 82' lang='lat' dir='ltr'>Ernsstns,</span> <span class='ocrx_word' id='word_1_192' title='bbox 629 2958 683 3022; x_wconf 76' lang='lat' dir='ltr'>filii</span> <span class='ocrx_word' id='word_1_193' title='bbox 693 2958 804 3010; x_wconf 79' lang='lat' dir='ltr'>Ermini</span> <span class='ocrx_word' id='word_1_194' title='bbox 821 2960 932 3012; x_wconf 81' lang='lat' dir='ltr'>comitis.</span> <span class='ocrx_word' id='word_1_195' title='bbox 997 2959 1026 3024; x_wconf 80' lang='lat'>2)</span> <span class='ocrx_word' id='word_1_196' title='bbox 1037 2958 1186 3010; x_wconf 78' lang='lat' dir='ltr'>Didmicns</span> <span class='ocrx_word' id='word_1_197' title='bbox 1198 2964 1222 3010; x_wconf 85' lang='lat' dir='ltr'>et</span> <span class='ocrx_word' id='word_1_198' title='bbox 1233 2958 1331 3011; x_wconf 74' lang='lat' dir='ltr'>Frisio-</span> 
     </span>
     <span class='ocr_line' id='line_1_27' title="bbox 210 3028 1330 3095; baseline -0.001 -15"><span class='ocrx_word' id='word_1_199' title='bbox 210 3031 292 3093; x_wconf 85' lang='lat' dir='ltr'>ricns,</span> <span class='ocrx_word' id='word_1_200' title='bbox 317 3029 371 3093; x_wconf 78' lang='lat' dir='ltr'>filii</span> <span class='ocrx_word' id='word_1_201' title='bbox 389 3030 529 3081; x_wconf 75' lang='lat' dir='ltr'>Fridnici</span> <span class='ocrx_word' id='word_1_202' title='bbox 551 3029 674 3080; x_wconf 76' lang='lat' dir='ltr'>comitis?</span> <span class='ocrx_word' id='word_1_203' title='bbox 762 3028 789 3095; x_wconf 88' lang='grc'>3)</span> <span class='ocrx_word' id='word_1_204' title='bbox 816 3030 908 3080; x_wconf 84' lang='lat' dir='ltr'>Nescio</span> <span class='ocrx_word' id='word_1_205' title='bbox 926 3028 986 3095; x_wconf 81' lang='lat' dir='ltr'>quis</span> <span class='ocrx_word' id='word_1_206' title='bbox 1004 3044 1038 3079; x_wconf 77' lang='lat' dir='ltr'>en</span> <span class='ocrx_word' id='word_1_207' title='bbox 1062 3029 1173 3091; x_wconf 73' lang='lat' dir='ltr'>faenilia</span> <span class='ocrx_word' id='word_1_208' title='bbox 1197 3031 1330 3084; x_wconf 80' lang='lat' dir='ltr'>comitum.</span> 
     </span>
     <span class='ocr_line' id='line_1_28' title="bbox 209 3098 1330 3169; baseline -0.001 -18"><span class='ocrx_word' id='word_1_209' title='bbox 209 3099 238 3169; x_wconf 88' lang='grc'>4)</span> <span class='ocrx_word' id='word_1_210' title='bbox 258 3100 418 3154; x_wconf 82' lang='lat' dir='ltr'>Lndorieus.</span> <span class='ocrx_word' id='word_1_211' title='bbox 502 3098 529 3167; x_wconf 83' lang='lat'>5)</span> <span class='ocrx_word' id='word_1_212' title='bbox 548 3099 646 3166; x_wconf 79' lang='lat' dir='ltr'>Poppo.</span> <span class='ocrx_word' id='word_1_213' title='bbox 728 3099 755 3165; x_wconf 86' lang='grc'>6)</span> <span class='ocrx_word' id='word_1_214' title='bbox 771 3099 923 3164; x_wconf 78' lang='lat' dir='ltr'>Reynerins</span> <span class='ocrx_word' id='word_1_215' title='bbox 940 3099 971 3149; x_wconf 83' lang='lat' dir='ltr'>de</span> <span class='ocrx_word' id='word_1_216' title='bbox 991 3098 1076 3150; x_wconf 80' lang='lat' dir='ltr'>Gibtet</span> <span class='ocrx_word' id='word_1_217' title='bbox 1094 3114 1153 3149; x_wconf 86' lang='lat' dir='ltr'>cnm</span> <span class='ocrx_word' id='word_1_218' title='bbox 1170 3099 1330 3165; x_wconf 73' lang='lat' dir='ltr'>preitmdnm</span> 
     </span>
     <span class='ocr_line' id='line_1_29' title="bbox 210 3168 1330 3236; baseline -0.001 -14"><span class='ocrx_word' id='word_1_219' title='bbox 210 3172 354 3225; x_wconf 79' lang='lat' dir='ltr'>cornititns.</span> <span class='ocrx_word' id='word_1_220' title='bbox 410 3171 437 3234; x_wconf 87' lang='grc'>7)</span> <span class='ocrx_word' id='word_1_221' title='bbox 445 3170 614 3222; x_wconf 71' lang='lat' dir='ltr'>emalricum</span> <span class='ocrx_word' id='word_1_222' title='bbox 626 3170 657 3222; x_wconf 82' lang='lat' dir='ltr'>de</span> <span class='ocrx_word' id='word_1_223' title='bbox 666 3169 816 3236; x_wconf 74' lang='lat' dir='ltr'>Inesipnan.</span> <span class='ocrx_word' id='word_1_224' title='bbox 835 3168 876 3223; x_wconf 85' lang='lat' dir='ltr'>W.</span> <span class='ocrx_word' id='word_1_225' title='bbox 930 3169 1121 3236; x_wconf 79' lang='lat' dir='ltr'>8)Sornornm.</span> <span class='ocrx_word' id='word_1_226' title='bbox 1176 3169 1330 3234; x_wconf 85' lang='lat' dir='ltr'>9)Petrum.</span> 
     </span>
     <span class='ocr_line' id='line_1_30' title="bbox 211 3239 1329 3308; baseline 0.001 -15"><span class='ocrx_word' id='word_1_227' title='bbox 211 3244 256 3308; x_wconf 88' lang='lat'>10)</span> <span class='ocrx_word' id='word_1_228' title='bbox 276 3241 367 3293; x_wconf 73' lang='lat' dir='ltr'>Merme</span> <span class='ocrx_word' id='word_1_229' title='bbox 385 3240 461 3293; x_wconf 83' lang='lat' dir='ltr'>Maio</span> <span class='ocrx_word' id='word_1_230' title='bbox 479 3243 547 3292; x_wconf 87' lang='lat' dir='ltr'>anni</span> <span class='ocrx_word' id='word_1_231' title='bbox 566 3241 643 3296; x_wconf 88' lang='grc'><strong>1196.</strong></span> <span class='ocrx_word' id='word_1_232' title='bbox 663 3242 744 3306; x_wconf 74' lang='lat' dir='ltr'>lepati</span> <span class='ocrx_word' id='word_1_233' title='bbox 760 3242 900 3293; x_wconf 83' lang='lat' dir='ltr'>redierunt</span> <span class='ocrx_word' id='word_1_234' title='bbox 906 3256 919 3302; x_wconf 84' lang='lat'>‚·</span> <span class='ocrx_word' id='word_1_235' title='bbox 937 3241 972 3304; x_wconf 79' lang='lat' dir='ltr'>cf.</span> <span class='ocrx_word' id='word_1_236' title='bbox 993 3240 1098 3303; x_wconf 80' lang='lat' dir='ltr'>Toscbe,</span> <span class='ocrx_word' id='word_1_237' title='bbox 1117 3239 1257 3292; x_wconf 73' lang='lat' dir='ltr'>‘Heinrich</span> <span class='ocrx_word' id='word_1_238' title='bbox 1273 3240 1329 3295; x_wconf 76' lang='lat' dir='ltr'>VI!</span> 
     </span>
     <span class='ocr_line' id='line_1_31' title="bbox 164 3311 1331 3380; baseline -0.001 -15"><span class='ocrx_word' id='word_1_239' title='bbox 164 3315 412 3380; x_wconf 58' lang='grc'><strong>3011391119.-</strong></span> <span class='ocrx_word' id='word_1_240' title='bbox 430 3312 587 3365; x_wconf 71' lang='lat' dir='ltr'>Amantius</span> <span class='ocrx_word' id='word_1_241' title='bbox 605 3312 905 3367; x_wconf 62' lang='lat' dir='ltr'>annominemus</span> <span class='ocrx_word' id='word_1_242' title='bbox 923 3311 1078 3363; x_wconf 79' lang='lat' dir='ltr'>nConrado</span> <span class='ocrx_word' id='word_1_243' title='bbox 1094 3313 1212 3379; x_wconf 71' lang='lat' dir='ltr'>epmcopo</span> <span class='ocrx_word' id='word_1_244' title='bbox 1223 3311 1331 3365; x_wconf 86' lang='lat' dir='ltr'>Hitdes·</span> 
     </span>
     <span class='ocr_line' id='line_1_32' title="bbox 208 3383 1330 3448; baseline -0.001 -11"><span class='ocrx_word' id='word_1_245' title='bbox 208 3383 336 3437; x_wconf 75' lang='lat' dir='ltr'>heimmsi</span> <span class='ocrx_word' id='word_1_246' title='bbox 359 3389 513 3438; x_wconf 77' lang='lat' dir='ltr'>coronatur.</span> <span class='ocrx_word' id='word_1_247' title='bbox 550 3383 590 3437; x_wconf 88' lang='lat' dir='ltr'>W.</span> <span class='ocrx_word' id='word_1_248' title='bbox 694 3384 738 3444; x_wconf 91' lang='grc'>11)</span> <span class='ocrx_word' id='word_1_249' title='bbox 768 3383 959 3435; x_wconf 81' lang='lat' dir='ltr'>Omsstantinns</span> <span class='ocrx_word' id='word_1_250' title='bbox 982 3412 1018 3421; x_wconf 89' lang='lat'><em>-</em></span> <span class='ocrx_word' id='word_1_251' title='bbox 1042 3385 1091 3448; x_wconf 80' lang='lat' dir='ltr'>qui</span> <span class='ocrx_word' id='word_1_252' title='bbox 1114 3389 1204 3448; x_wconf 81' lang='lat' dir='ltr'>postea</span> <span class='ocrx_word' id='word_1_253' title='bbox 1228 3388 1330 3436; x_wconf 84' lang='lat' dir='ltr'>mnteto</span> 
     </span>
     <span class='ocr_line' id='line_1_33' title="bbox 208 3454 1329 3510; baseline 0.001 -2"><span class='ocrx_word' id='word_1_254' title='bbox 208 3458 312 3509; x_wconf 86' lang='lat' dir='ltr'>nomine</span> <span class='ocrx_word' id='word_1_255' title='bbox 324 3455 481 3507; x_wconf 79' lang='lat' dir='ltr'>Fridericns</span> <span class='ocrx_word' id='word_1_256' title='bbox 498 3454 643 3507; x_wconf 71' lang='lat' dir='ltr'>comentur</span> <span class='ocrx_word' id='word_1_257' title='bbox 660 3484 696 3493; x_wconf 95' lang='lat'><em>-</em></span> <span class='ocrx_word' id='word_1_258' title='bbox 713 3454 755 3507; x_wconf 84' lang='lat' dir='ltr'>die</span> <span class='ocrx_word' id='word_1_259' title='bbox 772 3454 979 3509; x_wconf 70' lang='lat' dir='ltr'>rememores</span> <span class='ocrx_word' id='word_1_260' title='bbox 997 3456 1066 3505; x_wconf 85' lang='lat' dir='ltr'>anni</span> <span class='ocrx_word' id='word_1_261' title='bbox 1078 3455 1156 3508; x_wconf 85' lang='grc'><strong>1194.</strong></span> <span class='ocrx_word' id='word_1_262' title='bbox 1168 3459 1252 3505; x_wconf 83' lang='lat' dir='ltr'>notus</span> <span class='ocrx_word' id='word_1_263' title='bbox 1262 3460 1329 3510; x_wconf 83' lang='lat' dir='ltr'>erat.</span> 
     </span>
     <span class='ocr_line' id='line_1_34' title="bbox 210 3523 1330 3594; baseline -0.004 -13"><span class='ocrx_word' id='word_1_264' title='bbox 210 3527 256 3594; x_wconf 81' lang='lat'>12)</span> <span class='ocrx_word' id='word_1_265' title='bbox 278 3526 381 3591; x_wconf 82' lang='lat' dir='ltr'>Toeehe,</span> <span class='ocrx_word' id='word_1_266' title='bbox 399 3524 541 3579; x_wconf 75' lang='lat' dir='ltr'>‘Heinrich</span> <span class='ocrx_word' id='word_1_267' title='bbox 557 3523 612 3580; x_wconf 77' lang='lat' dir='ltr'>VI!</span> <span class='ocrx_word' id='word_1_268' title='bbox 627 3540 658 3590; x_wconf 76' lang='lat' dir='ltr'>p.</span> <span class='ocrx_word' id='word_1_269' title='bbox 677 3525 739 3590; x_wconf 78' lang='lat'>591,</span> <span class='ocrx_word' id='word_1_270' title='bbox 764 3524 812 3576; x_wconf 82' lang='lat' dir='ltr'>boe</span> <span class='ocrx_word' id='word_1_271' title='bbox 831 3526 885 3577; x_wconf 77' lang='lat' dir='ltr'>toro</span> <span class='ocrx_word' id='word_1_272' title='bbox 903 3527 979 3577; x_wconf 87' lang='lat' dir='ltr'>nisus</span> <span class='ocrx_word' id='word_1_273' title='bbox 1003 3526 1192 3591; x_wconf 74' lang='lat' dir='ltr'>imperntorem</span> <span class='ocrx_word' id='word_1_274' title='bbox 1216 3527 1330 3577; x_wconf 80' lang='lat' dir='ltr'>consilia</span> 
     </span>
     <span class='ocr_line' id='line_1_35' title="bbox 209 3595 1330 3663; baseline 0.001 -15"><span class='ocrx_word' id='word_1_275' title='bbox 209 3598 262 3662; x_wconf 80' lang='lat' dir='ltr'>filii</span> <span class='ocrx_word' id='word_1_276' title='bbox 277 3597 408 3650; x_wconf 72' lang='lat' dir='ltr'>electionis</span> <span class='ocrx_word' id='word_1_277' title='bbox 426 3603 450 3650; x_wconf 84' lang='lat' dir='ltr'>et</span> <span class='ocrx_word' id='word_1_278' title='bbox 466 3596 546 3663; x_wconf 82' lang='lat' dir='ltr'>repni</span> <span class='ocrx_word' id='word_1_279' title='bbox 562 3595 724 3648; x_wconf 78' lang='lat' dir='ltr'>hereditarii</span> <span class='ocrx_word' id='word_1_280' title='bbox 739 3595 822 3647; x_wconf 76' lang='lat' dir='ltr'>simui</span> <span class='ocrx_word' id='word_1_281' title='bbox 838 3596 931 3648; x_wconf 86' lang='lat' dir='ltr'>iniisse</span> <span class='ocrx_word' id='word_1_282' title='bbox 954 3596 1072 3649; x_wconf 70' lang='lat' dir='ltr'>ediis.</span> <span class='ocrx_word' id='word_1_283' title='bbox 1115 3597 1216 3649; x_wconf 82' lang='lat' dir='ltr'>Annon</span> <span class='ocrx_word' id='word_1_284' title='bbox 1240 3612 1330 3649; x_wconf 85' lang='lat' dir='ltr'>annn-</span> 
     </span>
     <span class='ocr_line' id='line_1_36' title="bbox 164 3665 1329 3733; baseline 0.004 -14"><span class='ocrx_word' id='word_1_285' title='bbox 164 3678 192 3719; x_wconf 77' lang='lat' dir='ltr'>et</span> <span class='ocrx_word' id='word_1_286' title='bbox 209 3669 275 3719; x_wconf 85' lang='lat' dir='ltr'>tistn</span> <span class='ocrx_word' id='word_1_287' title='bbox 292 3670 428 3720; x_wconf 71' lang='lat' dir='ltr'>moderin</span> <span class='ocrx_word' id='word_1_288' title='bbox 446 3683 531 3719; x_wconf 85' lang='lat' dir='ltr'>unum</span> <span class='ocrx_word' id='word_1_289' title='bbox 548 3668 678 3733; x_wconf 76' lang='lat' dir='ltr'>confudit,</span> <span class='ocrx_word' id='word_1_290' title='bbox 700 3682 767 3733; x_wconf 81' lang='lat' dir='ltr'>qnae</span> <span class='ocrx_word' id='word_1_291' title='bbox 784 3665 930 3717; x_wconf 82' lang='lat' dir='ltr'>Heinm&#39;cns</span> <span class='ocrx_word' id='word_1_292' title='bbox 950 3666 985 3718; x_wconf 82' lang='lat' dir='ltr'>ab</span> <span class='ocrx_word' id='word_1_293' title='bbox 1009 3671 1139 3719; x_wconf 75' lang='lat' dir='ltr'>nsdnmno</span> <span class='ocrx_word' id='word_1_294' title='bbox 1164 3668 1233 3719; x_wconf 87' lang='lat' dir='ltr'>anni</span> <span class='ocrx_word' id='word_1_295' title='bbox 1251 3668 1329 3724; x_wconf 88' lang='grc'><strong>1195.</strong></span> 
     </span>
     <span class='ocr_line' id='line_1_37' title="bbox 209 3737 1330 3805; baseline 0.001 -15"><span class='ocrx_word' id='word_1_296' title='bbox 209 3740 241 3790; x_wconf 87' lang='lat' dir='ltr'>de</span> <span class='ocrx_word' id='word_1_297' title='bbox 258 3752 341 3804; x_wconf 80' lang='lat' dir='ltr'>repno</span> <span class='ocrx_word' id='word_1_298' title='bbox 358 3738 522 3791; x_wconf 79' lang='lat' dir='ltr'>hereditario</span> <span class='ocrx_word' id='word_1_299' title='bbox 541 3738 694 3790; x_wconf 82' lang='lat' dir='ltr'>ordinando</span> <span class='ocrx_word' id='word_1_300' title='bbox 712 3744 736 3789; x_wconf 86' lang='lat' dir='ltr'>et</span> <span class='ocrx_word' id='word_1_301' title='bbox 753 3737 788 3788; x_wconf 80' lang='lat' dir='ltr'>ab</span> <span class='ocrx_word' id='word_1_302' title='bbox 806 3744 905 3789; x_wconf 79' lang='lat' dir='ltr'>esstote</span> <span class='ocrx_word' id='word_1_303' title='bbox 922 3739 991 3789; x_wconf 85' lang='lat' dir='ltr'>anni</span> <span class='ocrx_word' id='word_1_304' title='bbox 1003 3738 1080 3792; x_wconf 78' lang='lat'>1196.</span> <span class='ocrx_word' id='word_1_305' title='bbox 1099 3738 1130 3789; x_wconf 85' lang='lat' dir='ltr'>de</span> <span class='ocrx_word' id='word_1_306' title='bbox 1142 3738 1199 3802; x_wconf 80' lang='lat' dir='ltr'>filio</span> <span class='ocrx_word' id='word_1_307' title='bbox 1211 3739 1330 3805; x_wconf 74' lang='lat' dir='ltr'>stipende</span> 
     </span>
     <span class='ocr_line' id='line_1_38' title="bbox 210 3807 1329 3875; baseline 0.003 -15"><span class='ocrx_word' id='word_1_308' title='bbox 210 3824 354 3875; x_wconf 73' lang='lat' dir='ltr'>cypressus</span> <span class='ocrx_word' id='word_1_309' title='bbox 370 3810 428 3861; x_wconf 78' lang='lat' dir='ltr'>sit?</span> <span class='ocrx_word' id='word_1_310' title='bbox 457 3809 480 3863; x_wconf 91' lang='grc' dir='ltr'><strong>Ι.</strong></span> <span class='ocrx_word' id='word_1_311' title='bbox 493 3808 592 3861; x_wconf 70' lang='lat' dir='ltr'>Fictor</span> <span class='ocrx_word' id='word_1_312' title='bbox 609 3810 639 3861; x_wconf 93' lang='lat' dir='ltr'>in</span> <span class='ocrx_word' id='word_1_313' title='bbox 657 3810 811 3861; x_wconf 82' lang='lat' dir='ltr'>clarissima</span> <span class='ocrx_word' id='word_1_314' title='bbox 823 3824 875 3860; x_wconf 74' lang='lat' dir='ltr'>ssia</span> <span class='ocrx_word' id='word_1_315' title='bbox 890 3809 1074 3860; x_wconf 76' lang='lat' dir='ltr'>dissertatione</span> <span class='ocrx_word' id='word_1_316' title='bbox 1086 3808 1135 3860; x_wconf 85' lang='lat' dir='ltr'>‘De</span> <span class='ocrx_word' id='word_1_317' title='bbox 1146 3807 1271 3860; x_wconf 84' lang='lat' dir='ltr'>Heinrici</span> <span class='ocrx_word' id='word_1_318' title='bbox 1283 3810 1329 3864; x_wconf 84' lang='lat' dir='ltr'>VI.</span> 
     </span>
     <span class='ocr_line' id='line_1_39' title="bbox 209 3879 1329 3946; baseline -0.002 -14"><span class='ocrx_word' id='word_1_319' title='bbox 209 3886 305 3932; x_wconf 80' lang='lat' dir='ltr'>conatu</span> <span class='ocrx_word' id='word_1_320' title='bbox 323 3880 462 3933; x_wconf 61' lang='lat' dir='ltr'>redictum</span> <span class='ocrx_word' id='word_1_321' title='bbox 481 3895 572 3946; x_wconf 65' lang='lat' dir='ltr'>renum</span> <span class='ocrx_word' id='word_1_322' title='bbox 592 3921 598 3933; x_wconf 86' lang='lat'>.</span> <span class='ocrx_word' id='word_1_323' title='bbox 615 3921 622 3934; x_wconf 91' lang='lat'><strong><em>.</em></strong></span> <span class='ocrx_word' id='word_1_324' title='bbox 641 3882 829 3931; x_wconf 70' lang='lat' dir='ltr'>secessionem</span> <span class='ocrx_word' id='word_1_325' title='bbox 846 3882 875 3930; x_wconf 81' lang='lat' dir='ltr'>in</span> <span class='ocrx_word' id='word_1_326' title='bbox 893 3879 1086 3931; x_wconf 78' lang='lat' dir='ltr'>hereditoriam</span> <span class='ocrx_word' id='word_1_327' title='bbox 1104 3879 1241 3930; x_wconf 68' lang='lat' dir='ltr'>mutandi</span> <span class='ocrx_word' id='word_1_328' title='bbox 1259 3879 1329 3930; x_wconf 77' lang='lat' dir='ltr'>hune</span> 
     </span>
     <span class='ocr_line' id='line_1_40' title="bbox 210 3950 1332 4005; baseline -0.002 -2"><span class='ocrx_word' id='word_1_329' title='bbox 210 3952 296 4003; x_wconf 82' lang='lat' dir='ltr'>iocum</span> <span class='ocrx_word' id='word_1_330' title='bbox 317 3951 460 4003; x_wconf 78' lang='lat' dir='ltr'>annalium</span> <span class='ocrx_word' id='word_1_331' title='bbox 478 3956 632 4004; x_wconf 77' lang='lat' dir='ltr'>nostrornm</span> <span class='ocrx_word' id='word_1_332' title='bbox 650 3951 686 4002; x_wconf 83' lang='lat' dir='ltr'>nd</span> <span class='ocrx_word' id='word_1_333' title='bbox 704 3966 807 4002; x_wconf 82' lang='lat' dir='ltr'>annum</span> <span class='ocrx_word' id='word_1_334' title='bbox 827 3952 906 4005; x_wconf 83' lang='lat'>1195.</span> <span class='ocrx_word' id='word_1_335' title='bbox 924 3952 1032 4002; x_wconf 87' lang='lat' dir='ltr'>omnino</span> <span class='ocrx_word' id='word_1_336' title='bbox 1051 3963 1106 4001; x_wconf 85' lang='lat' dir='ltr'>non</span> <span class='ocrx_word' id='word_1_337' title='bbox 1130 3951 1210 4003; x_wconf 83' lang='lat' dir='ltr'>norit.</span> <span class='ocrx_word' id='word_1_338' title='bbox 1254 3950 1332 4001; x_wconf 80' lang='lat' dir='ltr'>Anni</span> 
     </span>
     <span class='ocr_line' id='line_1_41' title="bbox 163 4019 1330 4089; baseline 0.001 -17"><span class='ocrx_word' id='word_1_339' title='bbox 163 4034 192 4073; x_wconf 71' lang='grc' dir='ltr'>ιο</span> <span class='ocrx_word' id='word_1_340' title='bbox 209 4024 340 4089; x_wconf 77' lang='lat' dir='ltr'>sepnerdis</span> <span class='ocrx_word' id='word_1_341' title='bbox 365 4021 520 4074; x_wconf 78' lang='lat' dir='ltr'>relationem</span> <span class='ocrx_word' id='word_1_342' title='bbox 548 4022 665 4075; x_wconf 78' lang='lat' dir='ltr'>Bdtmer·</span> <span class='ocrx_word' id='word_1_343' title='bbox 691 4038 750 4073; x_wconf 83' lang='lat' dir='ltr'>cnm</span> <span class='ocrx_word' id='word_1_344' title='bbox 777 4036 807 4073; x_wconf 85' lang='lat' dir='ltr'>so</span> <span class='ocrx_word' id='word_1_345' title='bbox 833 4022 1042 4074; x_wconf 80' lang='lat' dir='ltr'>communicavit.</span> <span class='ocrx_word' id='word_1_346' title='bbox 1139 4019 1184 4089; x_wconf 89' lang='grc'>13)</span> <span class='ocrx_word' id='word_1_347' title='bbox 1212 4020 1330 4084; x_wconf 80' lang='lat' dir='ltr'>Adoifus</span> 
     </span>
     <span class='ocr_line' id='line_1_42' title="bbox 209 4090 1329 4161; baseline -0.003 -16"><span class='ocrx_word' id='word_1_348' title='bbox 209 4092 427 4161; x_wconf 75' lang='lat' dir='ltr'>archiepiscopus</span> <span class='ocrx_word' id='word_1_349' title='bbox 437 4093 542 4144; x_wconf 63' lang='lat' dir='ltr'>minum</span> <span class='ocrx_word' id='word_1_350' title='bbox 553 4108 639 4145; x_wconf 84' lang='lat' dir='ltr'>mense</span> <span class='ocrx_word' id='word_1_351' title='bbox 650 4095 773 4158; x_wconf 76' lang='lat' dir='ltr'>Anpnsto</span> <span class='ocrx_word' id='word_1_352' title='bbox 786 4108 811 4147; x_wconf 86' lang='lat' dir='ltr'>n.</span> <span class='ocrx_word' id='word_1_353' title='bbox 823 4094 901 4147; x_wconf 86' lang='grc'><strong>1197.</strong></span> <span class='ocrx_word' id='word_1_354' title='bbox 914 4092 1031 4144; x_wconf 72' lang='lat' dir='ltr'>ekstmni</span> <span class='ocrx_word' id='word_1_355' title='bbox 1041 4090 1180 4143; x_wconf 74' lang='lat' dir='ltr'>Frideriei</span> <span class='ocrx_word' id='word_1_356' title='bbox 1189 4091 1329 4157; x_wconf 63' lang='lat' dir='ltr'>adiuuit,-</span> 
     </span>
     <span class='ocr_line' id='line_1_43' title="bbox 208 4162 1328 4231; baseline 0.003 -15"><span class='ocrx_word' id='word_1_357' title='bbox 208 4164 245 4229; x_wconf 61' lang='grc' dir='ltr'>εἰ.</span> <span class='ocrx_word' id='word_1_358' title='bbox 282 4164 443 4231; x_wconf 61' lang='lat' dir='ltr'>Krimissa,</span> <span class='ocrx_word' id='word_1_359' title='bbox 479 4164 614 4230; x_wconf 77' lang='lat' dir='ltr'>‘Rspesten</span> <span class='ocrx_word' id='word_1_360' title='bbox 649 4163 697 4215; x_wconf 79' lang='lat' dir='ltr'>der</span> <span class='ocrx_word' id='word_1_361' title='bbox 733 4163 839 4215; x_wconf 75' lang='lat' dir='ltr'>Ktiuer</span> <span class='ocrx_word' id='word_1_362' title='bbox 870 4162 1059 4227; x_wconf 70' lang='lat' dir='ltr'>Erztnstrdss’</span> <span class='ocrx_word' id='word_1_363' title='bbox 1088 4162 1137 4229; x_wconf 89' lang='lat' dir='ltr'>Il,</span> <span class='ocrx_word' id='word_1_364' title='bbox 1173 4179 1218 4215; x_wconf 85' lang='lat' dir='ltr'>nr.</span> <span class='ocrx_word' id='word_1_365' title='bbox 1250 4164 1328 4219; x_wconf 83' lang='grc'><strong>1498.</strong></span> 
     </span>
     <span class='ocr_line' id='line_1_44' title="bbox 210 4232 1329 4304; baseline -0.004 -14"><span class='ocrx_word' id='word_1_366' title='bbox 210 4237 288 4291; x_wconf 77' lang='lat'>1504.</span> <span class='ocrx_word' id='word_1_367' title='bbox 315 4236 394 4291; x_wconf 76' lang='lat'><strong>1521.</strong></span> <span class='ocrx_word' id='word_1_368' title='bbox 503 4234 547 4304; x_wconf 88' lang='grc'>14)</span> <span class='ocrx_word' id='word_1_369' title='bbox 574 4234 666 4287; x_wconf 75' lang='lat' dir='ltr'>Merme</span> <span class='ocrx_word' id='word_1_370' title='bbox 690 4234 830 4288; x_wconf 75' lang='lat' dir='ltr'>Decembri</span> <span class='ocrx_word' id='word_1_371' title='bbox 854 4235 925 4285; x_wconf 82' lang='lat' dir='ltr'>anni</span> <span class='ocrx_word' id='word_1_372' title='bbox 948 4235 1026 4289; x_wconf 83' lang='grc'><strong>1195.</strong></span> <span class='ocrx_word' id='word_1_373' title='bbox 1050 4232 1197 4286; x_wconf 82' lang='lat' dir='ltr'>Heinricns</span> <span class='ocrx_word' id='word_1_374' title='bbox 1222 4238 1329 4287; x_wconf 83' lang='lat' dir='ltr'>curiam</span> 
     </span>
     <span class='ocr_line' id='line_1_45' title="bbox 215 4304 1330 4373; baseline 0.002 -17"><span class='ocrx_word' id='word_1_375' title='bbox 215 4305 380 4359; x_wconf 82' lang='lat' dir='ltr'>Wormntins</span> <span class='ocrx_word' id='word_1_376' title='bbox 397 4306 542 4372; x_wconf 78' lang='lat' dir='ltr'>celebrauit,</span> <span class='ocrx_word' id='word_1_377' title='bbox 560 4306 608 4358; x_wconf 79' lang='lat' dir='ltr'>nti</span> <span class='ocrx_word' id='word_1_378' title='bbox 620 4305 792 4373; x_wconf 65' lang='lat' dir='ltr'>principibus</span> <span class='ocrx_word' id='word_1_379' title='bbox 812 4306 906 4371; x_wconf 78' lang='lat' dir='ltr'>primo</span> <span class='ocrx_word' id='word_1_380' title='bbox 923 4306 1003 4371; x_wconf 75' lang='lat' dir='ltr'>reqni</span> <span class='ocrx_word' id='word_1_381' title='bbox 1019 4304 1178 4358; x_wconf 73' lang='lat' dir='ltr'>hereditarii</span> <span class='ocrx_word' id='word_1_382' title='bbox 1197 4307 1330 4358; x_wconf 75' lang='lat' dir='ltr'>rats&#39;onem</span> 
     </span>
     <span class='ocr_line' id='line_1_46' title="bbox 162 4374 1329 4445; baseline -0.003 -15"><span class='ocrx_word' id='word_1_383' title='bbox 162 4386 192 4425; x_wconf 75' lang='lat'>4⁵</span> <span class='ocrx_word' id='word_1_384' title='bbox 207 4378 347 4444; x_wconf 52' lang='lat' dir='ltr'>petendu·</span> <span class='ocrx_word' id='word_1_385' title='bbox 373 4378 423 4445; x_wconf 81' lang='lat' dir='ltr'>qni</span> <span class='ocrx_word' id='word_1_386' title='bbox 452 4377 567 4431; x_wconf 61' lang='lat' dir='ltr'>mant</span> <span class='ocrx_word' id='word_1_387' title='bbox 596 4392 624 4429; x_wconf 82' lang='lat' dir='ltr'>ss</span> <span class='ocrx_word' id='word_1_388' title='bbox 652 4378 826 4444; x_wconf 77' lang='lat' dir='ltr'>imperatoris</span> <span class='ocrx_word' id='word_1_389' title='bbox 856 4377 969 4429; x_wconf 78' lang='lat' dir='ltr'>emmiin</span> <span class='ocrx_word' id='word_1_390' title='bbox 997 4378 1028 4427; x_wconf 82' lang='lat' dir='ltr'>in</span> <span class='ocrx_word' id='word_1_391' title='bbox 1057 4377 1135 4428; x_wconf 76' lang='lat' dir='ltr'>curin</span> <span class='ocrx_word' id='word_1_392' title='bbox 1161 4374 1329 4443; x_wconf 82' lang='lat' dir='ltr'>Herbipotim</span> 
     </span>
     <span class='ocr_line' id='line_1_47' title="bbox 209 4447 1330 4515; baseline 0.003 -18"><span class='ocrx_word' id='word_1_393' title='bbox 209 4448 375 4501; x_wconf 75' lang='lat' dir='ltr'>convocando</span> <span class='ocrx_word' id='word_1_394' title='bbox 400 4449 543 4503; x_wconf 73' lang='lat' dir='ltr'>odridmos</span> <span class='ocrx_word' id='word_1_395' title='bbox 566 4462 621 4500; x_wconf 78' lang='lat' dir='ltr'>esse</span> <span class='ocrx_word' id='word_1_396' title='bbox 642 4448 836 4515; x_wconf 74' lang='lat' dir='ltr'>promiserunt.</span> <span class='ocrx_word' id='word_1_397' title='bbox 880 4447 945 4499; x_wconf 87' lang='lat' dir='ltr'>Non</span> <span class='ocrx_word' id='word_1_398' title='bbox 969 4447 1047 4512; x_wconf 72' lang='lat' dir='ltr'>facite</span> <span class='ocrx_word' id='word_1_399' title='bbox 1072 4447 1232 4499; x_wconf 80' lang='lat' dir='ltr'>crediderim</span> <span class='ocrx_word' id='word_1_400' title='bbox 1258 4447 1330 4500; x_wconf 75' lang='lat' dir='ltr'>reto·</span> 
     </span>
     <span class='ocr_line' id='line_1_48' title="bbox 210 4517 1330 4587; baseline -0.001 -17"><span class='ocrx_word' id='word_1_401' title='bbox 210 4518 307 4571; x_wconf 84' lang='lat' dir='ltr'>tionem</span> <span class='ocrx_word' id='word_1_402' title='bbox 331 4519 482 4575; x_wconf 67' lang='lat' dir='ltr'>annaimtoe</span> <span class='ocrx_word' id='word_1_403' title='bbox 507 4521 596 4573; x_wconf 85' lang='lat' dir='ltr'>nostri</span> <span class='ocrx_word' id='word_1_404' title='bbox 619 4520 656 4571; x_wconf 86' lang='lat' dir='ltr'>ad</span> <span class='ocrx_word' id='word_1_405' title='bbox 683 4519 772 4587; x_wconf 85' lang='lat' dir='ltr'>ipsam</span> <span class='ocrx_word' id='word_1_406' title='bbox 796 4519 955 4585; x_wconf 59' lang='lat' dir='ltr'>eanquue</span> <span class='ocrx_word' id='word_1_407' title='bbox 981 4520 1087 4571; x_wconf 83' lang='lat' dir='ltr'>curiam</span> <span class='ocrx_word' id='word_1_408' title='bbox 1110 4517 1330 4569; x_wconf 81' lang='lat' dir='ltr'>Wormatiensem</span> 
     </span>
    </p>
   </div>
   <div class='ocr_carea' id='block_1_6' title="bbox 1081 4621 1115 4679">
    <p class='ocr_par' dir='ltr' id='par_1_11' title="bbox 1081 4621 1115 4679">
     <span class='ocr_line' id='line_1_49' title="bbox 1081 4621 1115 4679; baseline 0 -23"><span class='ocrx_word' id='word_1_409' title='bbox 1081 4621 1115 4679; x_wconf 68' lang='grc' dir='ltr'>ὁ*</span> 
     </span>
    </p>
   </div>
   <div class='ocr_carea' id='block_1_7' title="bbox 0 0 1646 5150">
    <p class='ocr_par' dir='ltr' id='par_1_12' title="bbox 0 0 1646 5150">
     <span class='ocr_line' id='line_1_50' title="bbox 0 0 1646 5150; baseline 0 1"><span class='ocrx_word' id='word_1_410' title='bbox 0 0 1646 5150; x_wconf 95' lang='lat' dir='ltr'> </span> 
     </span>
    </p>
   </div>
  </div>
 </body>
</html>
