3284 5150
488 549 669 604 ANNALDS
687 548 976 606 MARBACENSES.
1262 552 1296 604 13

173 727 286 781 civitate
315 727 343 781 vi
373 728 502 796 expulsus
533 727 568 780 ad
597 727 790 796 imperatorem
821 727 1031 782 Constantinum
1062 730 1091 780 et
1119 725 1208 779 filium
1238 726 1421 786 eiustaaar.

172 799 306 868 Leonem,
325 799 371 866 qui
389 801 455 852 tuno
473 798 605 867 temporis
618 797 671 852 illis
683 799 806 868 partibus
819 799 1014 867 imperabat,
1028 797 1296 866 Constantinopolim

173 869 306 939 fugiendo
325 886 388 923 cum
410 869 470 922 aliis
488 869 648 923 Christianis
665 870 821 938 pervenerit
840 875 868 923 et
886 869 912 923 ei
929 869 1146 937 lacrimabiliter,
1173 885 1243 936 quae
1268 871 1296 922 et

174 944 276 1008 quanta
301 939 355 994 sibi
379 939 434 993 sint
459 940 544 1009 illata,
570 944 598 994 et
620 941 737 1009 qualiter
762 941 917 1010 sepulcrum
939 940 1085 995 Domini
1110 944 1145 994 et
1169 943 1297 993 sancta

139 1027 153 1065 o
173 1013 255 1066 loca
273 1014 401 1080 gentes
420 1011 575 1065 inordinate
592 1015 719 1080 tractent,
738 1013 812 1079 quod
833 1012 968 1066 universis
986 1010 1088 1065 Christi
1113 1010 1296 1065 fidelibus

173 1083 289 1136 deberet
307 1099 365 1136 esse
384 1082 541 1151 dolendum,
563 1083 707 1138 enarravit.

281 1170 488 1240 Imperator
506 1171 623 1241 igitur
640 1172 764 1226 hostes
777 1174 902 1226 sancte
915 1169 1411 1231 ecclesiaerefrenanue.rra.

174 1241 605 1312 dosKarolumMagnum
621 1243 757 1297 socium
776 1242 926 1297 itineris
940 1243 1090 1309 ascivit,
1108 1242 1206 1295 litteris
1224 1241 1296 1295 sibi

175 1330 238 1366 oum
268 1313 426 1367 muneribus
455 1313 665 1383 insignibus
696 1314 862 1370 directis.
908 1314 1048 1384 Quibus
1074 1314 1143 1366 ille
1169 1313 1406 1381 receptis,au.11,v.

127 1399 154 1437 10
173 1384 337 1438 intellexit
349 1384 404 1437 iam
416 1401 445 1438 se
459 1385 545 1438 aDeo
564 1384 598 1437 ad
616 1384 669 1438 hoc
687 1385 830 1455 negotium
847 1388 1016 1454 preelectum
1029 1403 1087 1440 esse
1100 1388 1128 1438 et
1143 1385 1198 1436 iam
1211 1401 1296 1452 usqua

174 1455 320 1509 orientales
338 1455 441 1509 famam
460 1473 507 1510 suc
525 1456 671 1524 probitatis
689 1457 878 1513 transvolasse.
915 1456 991 1510 Hinc
1008 1456 1110 1526 gaudio
1128 1456 1237 1524 gavisus
1255 1458 1296 1508 est

174 1525 269 1596 valde;
299 1526 347 1580 sed
372 1526 463 1596 opido,
488 1527 563 1594 quod
588 1527 756 1582 dominicum
781 1529 938 1597 sepulcrum
963 1531 1044 1582 erat
1068 1545 1085 1580 a
1109 1527 1224 1596 paganis
1248 1527 1296 1580 ob-

173 1614 285 1664 sessum,
305 1597 452 1652 condolens
470 1597 609 1652 lacrimari
627 1599 708 1668 cepit.
746 1598 813 1668 Qui
832 1599 957 1652 statim
983 1597 1143 1652 consilio
1168 1598 1296 1651 habito

173 1686 224 1737 per
241 1671 344 1722 totum
363 1668 533 1723 Francorum
558 1687 706 1740 regnum
732 1668 804 1724 edici
828 1671 957 1724 citissime
981 1671 1107 1739 imperat,
1132 1673 1170 1722 ut
1195 1685 1296 1735 omnes,

129 1754 154 1792 15
174 1740 340 1808 quicumque
353 1741 388 1793 ad
404 1757 462 1794 sese
481 1740 683 1794 defendendum
702 1757 778 1794 arma
792 1746 905 1810 possent
921 1741 1038 1810 deferre,
1055 1745 1113 1808 tam
1125 1757 1203 1794 senes
1215 1756 1297 1807 qnam

173 1810 284 1864 iuvenes
301 1828 395 1866 secum
413 1812 563 1881 pugnaturi
580 1812 609 1865 in
627 1829 749 1882 paganos
766 1829 861 1866 versus
878 1813 1024 1866 orientales
1042 1814 1137 1882 plagas
1151 1810 1296 1864 inevitabi-

173 1882 238 1936 liter
262 1886 395 1952 satagant.
433 1882 573 1952 Alioquin,
599 1885 763 1952 quicumque
787 1883 869 1937 huius
893 1884 977 1938 edicti
1001 1883 1131 1937 mandata
1154 1899 1210 1935 non
1234 1899 1296 1950 per-

174 1954 270 2022 egerit,
289 1953 347 2021 ipse
366 1953 395 2006 in
413 1953 472 2007 vita
490 1971 538 2007 sua
556 1958 584 2007 et
601 1953 653 2007 filii
671 1956 728 2008 eius
746 1954 872 2009 similiter
890 1972 925 2008 ex
943 1956 1016 2024 regis
1034 1954 1145 2008 decreto
1158 1954 1193 2008 de
1206 1952 1296 2021 capite

173 2023 239 2077 ΠΠ
256 2040 382 2078 nummos
401 2025 477 2092 quasi
495 2025 566 2078 servi
585 2026 698 2082 solvant.
736 2025 809 2095 Quid
835 2028 953 2079 ultra?
990 2025 1155 2079 Catervatim
1175 2024 1297 2092 undique

128 2108 155 2146 ao
174 2094 283 2163 populis
308 2095 567 2162 circumfluentibus,
591 2097 724 2150 maiorem
750 2097 912 2165 exercitum,
934 2115 1016 2166 quam
1041 2101 1123 2150 antea
1148 2096 1295 2161 habuisset,

174 2165 252 2218 brevi
282 2165 375 2233 spacio
406 2167 590 2236 congregavit.
640 2167 770 2234 Itaque
800 2168 836 2220 in
866 2168 1012 2221 nomine
1038 2167 1183 2221 Domini
1213 2182 1295 2234 pro·

174 2236 321 2304 fectus¹,
347 2235 459 2290 tandem
485 2254 547 2290 cum
574 2237 695 2291 exercitu
723 2256 771 2292 suo
797 2237 1064 2307 Constantinopolim
1087 2238 1171 2308 longo
1197 2236 1409 2296 itineratus.

174 2306 304 2376 fatigatus
322 2307 456 2375 pervenit.
494 2306 595 2362 Postea
612 2325 677 2362 vero
695 2309 803 2379 [fusiss]
823 2308 977 2378 fugatisque
995 2310 1117 2378 paganis,
1141 2308 1175 2361 ad
1195 2309 1379 2368 calamam,
1390 2321 1410 2360 a.

174 2378 279 2446 urbem,
288 2395 358 2446 quae
370 2378 471 2432 vexilla
482 2377 591 2433 vivifice
604 2379 691 2434 crucis
699 2379 854 2448 Christique
866 2380 997 2449 passionis
1006 2380 1107 2433 retinet
1117 2381 1295 2450 monimenta,

129 2462 155 2502 aa
173 2451 245 2504 letus
264 2454 292 2503 et
309 2450 426 2518 supplex
444 2450 592 2504 adventans
610 2451 767 2519 patriarche
784 2451 891 2520 totique
910 2450 1071 2504 Christicole
1096 2450 1172 2519 plebi
1197 2453 1296 2504 cuncta

174 2537 305 2591 prospera
320 2521 379 2575 Deo
398 2521 551 2590 opitulante
569 2522 703 2579 solidavit.
734 2521 786 2576 His
798 2523 892 2591 itaque
903 2521 986 2591 gestis
998 2522 1192 2592 imperatorem
1205 2519 1295 2575 Con-

175 2593 379 2646 stantinum
404 2592 544 2647 licentiam
568 2593 737 2663 repatriandi
761 2594 882 2648 Karolus
900 2593 1020 2664 Magnus
1045 2593 1213 2663 subrogavit,
1238 2610 1294 2647 ac-

176 2665 294 2732 ceptis
319 2664 360 2717 ab
389 2681 428 2717 eo
454 2664 575 2734 dignis
601 2682 639 2719 ao
664 2666 916 2719 sacrosanctis
944 2664 1164 2736 pigneribus
1192 2681 1294 2717 sanc-

175 2739 308 2803 torum,
327 2734 448 2789 scilicet2
466 2735 500 2788 de
518 2736 614 2805 spinea
635 2753 736 2790 corona
754 2736 872 2791 Domini
897 2741 959 2790 octo
984 2738 1075 2806 spinas
1100 2753 1163 2789 cum
1187 2736 1294 2789 roboris
1304 2747 1332 2788 ab.
1344 2749 1379 2798 rt,
1387 2750 1419 2791 aa
1429 2750 1463 2789 21.

133 2818 158 2857 eo
174 2809 261 2874 parte,
288 2823 372 2859 unum
395 2805 429 2859 de
455 2806 537 2860 clavis
561 2806 705 2860 Domini
731 2812 759 2861 et
783 2808 817 2861 de
843 2813 971 2861 sancta
995 2824 1075 2862 cruce
1100 2811 1129 2859 et
1155 2806 1294 2860 sudarium

175 2876 285 2931 Domini
304 2882 332 2931 et
356 2882 481 2931 sancte
499 2877 564 2932 Dei
588 2878 787 2947 genitricis
811 2880 950 2933 camisiam
976 2882 1004 2932 et
1024 2878 1197 2945 cinctorium,
1221 2877 1295 2930 unde

174 2965 290 3016 puerum
308 2947 421 3001 Ibesum
439 2948 468 3001 in
487 2950 576 3003 cunis
596 2950 774 3017 cinxerunt,
799 2954 828 3003 et
845 2950 990 3003 brachium
1007 2950 1078 3002 senis
1097 2948 1241 3016 Symeonis
1266 2953 1295 3001 et

175 3019 1118 3089 aliamulta;quaeomniaDeodilectus³Karoluspost
1135 3019 1294 3073 reditum

176 3108 273 3143 suum
304 3090 470 3158 Aquisgrani
506 3107 583 3143 cnm
612 3091 808 3144 multorum
839 3090 1103 3159 religiosorum
1133 3090 1294 3143 virorum

133 3171 157 3211 ao
175 3162 353 3215 comitatu
371 3160 664 3230 diligentissime
682 3161 862 3217 recondidit⁴‘⁸

280 3245 412 3319 Itaque
430 3267 546 3321 magnus
565 3251 767 3319 imperator
778 3249 909 3318 Karolus,
927 3253 1072 3319 postquam
1088 3248 1182 3302 multis
1194 3248 1294 3302 labori·
1304 3263 1332 3301 a.
1344 3263 1422 3313 111,1.

174 3321 224 3375 bus
242 3320 350 3375 diversa
368 3322 442 3376 orbis
460 3338 546 3391 regna
564 3322 774 3390 innumerasque
792 3323 875 3376 urbes
893 3337 909 3374 a
927 3322 998 3374 mari
1020 3318 1126 3389 usqueb
1149 3320 1185 3374 ad
1208 3336 1293 3387 mare,

175 3391 272 3446 divinis
290 3392 412 3445 munitus
431 3393 566 3461 subsidiis,
586 3393 737 3447 invincibili
755 3394 880 3462 potentie
898 3410 946 3447 sue
964 3392 1078 3446 brachio
1097 3390 1254 3461 subiugavit
1266 3395 1294 3443 et

175 3463 208 3516 ab
226 3462 377 3517 infidelium
395 3467 532 3532 potestate
556 3464 690 3534 liberavit,
710 3464 864 3518 Christiano
889 3464 1005 3534 imperio
1030 3462 1159 3517 subdidit.
1203 3461 1293 3514 'I'anto

132 3545 157 3583 ao
174 3533 258 3603 igitur
283 3534 381 3587 sudore
407 3552 439 3589 ac
463 3536 540 3605 gravi
565 3534 695 3605 fatigatus
719 3537 822 3605 labore,
850 3539 882 3589 ut
908 3536 1032 3603 requiem
1058 3535 1110 3588 sibi
1138 3533 1216 3586 daret
1243 3549 1294 3586 nec

174 3606 290 3674 amplius
307 3606 412 3659 bellum
431 3607 521 3675 iniret,
539 3608 690 3676 proposuit.
727 3607 771 3660 nt
797 3623 884 3661 ecce
901 3624 951 3675 per
971 3605 1059 3660 visum
1078 3608 1160 3659 nocte
1178 3603 1294 3658 intuitus

174 3680 215 3730 est
233 3677 262 3730 in
280 3677 339 3730 celo
358 3677 495 3745 quandam
513 3679 587 3731 viam
606 3679 682 3746 quasi
703 3679 848 3746 stellatam,
874 3677 1052 3746 incipientem
1078 3694 1094 3729 a
1118 3676 1189 3729 mari
1208 3674 1294 3729 [uisis

175 3750 202 3799 et
228 3747 387 3801 tendentem
412 3750 484 3802 inter
507 3752 611 3803 terram
635 3748 814 3803 Teutonicam
840 3752 868 3801 et
886 3747 1003 3818 Italiam,
1029 3748 1102 3801 inter
1120 3746 1240 3801 Galliam
1266 3749 1294 3800 et

107 3847 115 3860 ο
174 3817 353 3885 Aquitaniam
377 3819 526 3873 rectissime
555 3823 743 3873 transeuntem
767 3836 818 3889 per
840 3818 1016 3873 Waaconiam
1041 3818 1240 3885 Baeculamque
1266 3820 1294 3869 et

131 3902 157 3941 ro
173 3888 335 3943 Navarriam
354 3893 435 3958 atque
453 3890 624 3960 Hyspaniam
645 3908 730 3959 nsque
749 3890 892 3959 Caliciam,
917 3890 965 3943 ubi
984 3906 1082 3958 corpus
1106 3888 1181 3943 beati
1198 3887 1294 3942 Iacobi

174 4104 195 4155 a)
213 4105 244 4143 tta
259 4104 310 4153 neq.
326 4105 382 4144 Kar.
388 4115 398 4152 ‚¹
411 4106 467 4145 deest
481 4116 499 4149 ο.
554 4105 577 4156 b)
596 4102 633 4144 uls
647 4116 664 4147 r.

174 4301 200 4366 1)
227 4300 329 4353 Auctor
346 4301 391 4352 hie
416 4302 499 4353 zerbis
523 4303 692 4353 notissimum
718 4316 793 4353 aare
816 4302 987 4368 aignatmm
1007 4305 1116 4352 cantum
1139 4298 1294 4365 significare

173 4370 297 4422 ridetarr·
315 4371 345 4423 in
370 4374 460 4441 gottes
484 4388 584 4424 namen
609 4371 706 4425 fabren
731 4372 788 4427 wir.
879 4373 907 4439 2)
935 4372 982 4423 Ea
1006 4371 1132 4438 Legeita
1156 4369 1229 4423 Kar.
1251 4369 1291 4435 II,

173 4458 192 4496 e.
214 4444 250 4496 24
274 4448 297 4495 et
321 4459 342 4497 e.
364 4445 407 4498 21.
510 4444 538 4511 3)
565 4443 606 4508 Cf.
631 4459 718 4509 supra
738 4460 769 4510 p.
789 4446 814 4508 9,
839 4459 866 4494 a.
889 4446 915 4500 6.
1016 4442 1044 4512 4)
1073 4442 1116 4506 Of.
1141 4440 1293 4507 hyaidum

132 4523 157 4565 to
173 4512 244 4567 Kar.
263 4514 303 4580 II,
325 4530 345 4569 e.
365 4516 408 4569 23.
