3284 5150
345 506 380 560 14
661 500 843 556 Anninus
860 500 1152 557 masculinas

216 665 412 758 Lff‘fftunc
441 681 573 750 temporis
603 680 707 735 latebat
737 679 917 748 incognitum.
965 678 1028 733 Hec
1057 678 1143 749 igitur
1172 696 1236 732 cum
1265 676 1387 731 Karolns
1416 693 1478 746 per

278 747 285 768 ³
345 752 465 822 singulas
488 769 560 820 pane
584 755 678 806 noctes
702 751 880 819 conspiceret,
905 751 1034 819 apparuit
1058 750 1091 804 ei
1115 750 1277 819 [beatw
1298 748 1474 818 Iacobus]

345 839 564 894 ammonens,
583 827 622 876 ut
639 823 674 876 ad
686 821 899 891 expugnandam
909 820 1076 890 perfidiam
1087 825 1116 876 at
1127 820 1291 875 visitandam
1303 819 1475 874 memoriam

236 895 415 953 *ascensius
434 893 463 947 in
481 893 615 948 Galiciam
635 893 777 962 proficisci
795 893 946 961 deberet,
970 895 1012 946 *et
1033 896 1096 961 post
1118 909 1191 947 eum
1216 908 1312 946 omnes
1334 890 1434 960 populi
1453 907 1473 943 a

345 965 518 1034 mariusque
538 965 572 1019 ad
590 982 666 1019 mare
684 965 891 1034 peregrinantes
909 967 937 1017 et
962 963 1127 1017 delictorum
1150 981 1263 1018 suorum
1280 963 1390 1017 reniam
1415 962 1473 1014 im·
1497 979 1515 1017 5

344 1038 484 1105 plorantes
502 1037 567 1090 illuc
586 1036 652 1089 ituri
671 1040 782 1090 essent
800 1053 816 1089 a
835 1035 1005 1104 temporibus
1022 1035 1092 1088 suis
1109 1052 1196 1103 usque
1214 1033 1352 1088 adfinem
1373 1033 1472 1088 seculi.

345 1106 449 1176 Quibus
467 1107 617 1177 imperator
635 1108 783 1162 excitatus
801 1109 830 1159 ct
846 1105 1011 1160 ammonitus
1029 1109 1112 1174 atque
1124 1106 1305 1174 promissione
1316 1105 1473 1175 apostolica

344 1177 439 1245 fretus,
462 1178 623 1233 coadunatis
650 1178 814 1232 exercitibus
841 1177 934 1230 multis
961 1193 1120 1247 expugnare
1146 1180 1242 1247 gentes
1264 1175 1406 1244 Hyspanie
1435 1179 1472 1228 et

218 1249 478 1312 ss.111,a.Galicie
497 1266 639 1319 aggressus
658 1252 706 1304 est.
743 1247 838 1302 Prima
849 1249 924 1317 urbs,
941 1265 1025 1316 quam
1041 1248 1182 1303 obsidione
1195 1248 1289 1316 cinxit,
1302 1246 1472 1316 Pampilona

345 1321 451 1388 extitit,
482 1324 510 1374 et
537 1320 608 1374 sedit
635 1319 707 1374 circa
734 1337 795 1374 eam
822 1319 911 1372 tribus
938 1320 1092 1389 mensibus;
1120 1319 1168 1374 sed
1195 1336 1256 1372 eam
1284 1335 1383 1387 capere
1409 1334 1469 1371 non
1494 1335 1525 1373 10

344 1395 460 1460 poterat,
489 1391 553 1459 quia
579 1391 665 1444 muris
691 1391 950 1460 inexpugnabilibus
976 1391 1084 1444 munita
1109 1394 1175 1446 erat.
1219 1390 1299 1443 Tunc
1316 1405 1412 1458 prece
1431 1389 1469 1442 ad

344 1462 493 1516 Dominum
512 1467 540 1516 et
558 1462 600 1516 ad
619 1465 756 1516 *sanctum
769 1461 904 1516 Iacobum
922 1462 1010 1529 fusa,
1028 1462 1101 1516 muri
1119 1461 1254 1515 confracti
1272 1460 1395 1514 funditus
1407 1476 1468 1514 cor·
1494 1472 1535 1520 ‘n-
1545 1471 1594 1513 150.

344 1537 473 1601 ruerunt,
500 1534 571 1587 sicut
600 1533 703 1603 legitur
733 1533 863 1586 divinitus
892 1532 997 1586 factum
1025 1533 1059 1587 de
1086 1533 1173 1586 muris
1198 1531 1319 1588 Iericho.
1366 1530 1468 1600 Itaque

345 1604 509 1659 Sarracenos
537 1605 584 1673 qui
608 1604 742 1673 baptizari
766 1605 914 1658 voluerunt
940 1604 976 1657 ad
1003 1605 1089 1658 vitam
1116 1603 1266 1658 reservavit
1293 1619 1394 1671 eosque
1418 1602 1468 1671 qui

344 1681 514 1730 rennuerunt
531 1675 624 1745 gladio
643 1675 780 1729 feriendos
797 1675 921 1730 tradidit.
957 1674 1010 1728 His
1029 1675 1129 1729 auditis
1154 1675 1240 1729 ceteri
1257 1673 1401 1728 Sarraceni
1426 1675 1468 1727 in·
1491 1688 1522 1726 ιι

345 1747 493 1801 victissimo
512 1733 618 1801 Kedolo
636 1746 737 1814 ubique
756 1764 814 1800 sese
833 1747 862 1799 in
884 1746 1056 1801 dedicionem
1080 1747 1228 1800 tradebant
1252 1747 1415 1814 obviamque
1441 1745 1468 1799 ei

345 1819 450 1872 tributa
467 1818 616 1871 mittebant
634 1822 661 1872 et
679 1818 761 1872 urbes
779 1819 852 1871 ultro
870 1817 1031 1886 reddebant,
1043 1821 1176 1886 totaque
1187 1834 1255 1888 gens
1273 1818 1308 1870 in
1321 1816 1468 1871 Galicia

345 1888 436 1942 valida
471 1892 499 1942 et
526 1887 704 1942 robustab
735 1889 817 1942 armis
852 1889 964 1943 abiectis
1001 1889 1262 1957 imperatorem
1289 1886 1467 1941 Karolum

345 1958 494 2013 honorifice
513 1963 541 2013 et
558 1959 672 2029 pacifice
689 1959 829 2028 recepit.
872 1959 980 2013 Deinde
997 1959 1118 2014 Karalus
1143 1959 1253 2014 visitato
1277 1959 1353 2013 beati
1370 1957 1468 2013 Iacobi

345 2031 470 2100 sepulcro
489 2032 603 2085 accessit
621 2031 657 2085 ad
674 2035 782 2100 petram
800 2031 949 2084 limitarem
967 2036 995 2084 et
1013 2030 1104 2085 infixit
1121 2031 1150 2084 in
1162 2031 1233 2084 mari
1244 2031 1368 2084 lanceam
1380 2047 1466 2096 snam,
1486 2045 1519 2084 ao

345 2119 429 2226 algens
455 2102 515 2184 Deo
541 2107 634 2226 grlatstes
660 2107 689 2184 et
716 2107 809 2156 sancto
836 2101 949 2226 Iacoltro,
977 2102 1024 2172 qui
1050 2103 1130 2156 illum
1159 2103 1300 2170 hucusque
1329 2100 1466 2167 damnet,

365 2190 447 2243 1cens,
466 2191 531 2242 quia
549 2192 567 2227 u
590 2190 663 2228 enus
681 2190 721 2228 ne
739 2189 809 2226 non
827 2190 926 2242 posse.

217 2272 247 2313 so.
259 2273 335 2322 111,6.
411 2335 417 2346 ι
451 2261 572 2346 Reverso
609 2262 720 2346 demum
756 2263 786 2317 in
822 2261 942 2316 Galliam
966 2261 1084 2345 ‘Karolo
1114 2261 1233 2332 Magno,
1270 2260 1382 2344 qnidam
1417 2277 1467 2314 rex

344 2333 459 2475 tint,
475 2333 1006 2472 tittttittttllt{tanati}
1019 2331 1466 2484 tltett'ltttoltltt
1483 2417 1513 2456 a
1615 2408 1616 2461 ;

347 2475 517 2543 custodibus,
545 2492 614 2543 quos
643 2476 679 2529 ad
709 2475 917 2529 custodiendam
946 2478 1049 2529 terram
1079 2476 1234 2549 reliquerat.
1283 2474 1336 2528 His
1366 2473 1465 2527 aud1tis

346 2545 464 2600 Karolus
495 2563 559 2599 cum
588 2563 690 2616 magno
721 2546 846 2600 exercitu
879 2563 988 2600 rursum
1021 2546 1205 2616 proficiscitur
1237 2547 1266 2600 in
1296 2545 1465 2616 Hyspauiam

219 2618 559 2686 ss.111,r.reperitqus
587 2617 782 2687 Agyolandum
813 2619 843 2670 in
873 2634 970 2672 ameno
1000 2623 1086 2687 prato
1114 2636 1196 2689 super
1222 2618 1363 2672 fluvium
1393 2616 1466 2685 quod

345 2692 460 2743 vocatur
484 2687 557 2755 Oeia,
584 2688 633 2741 ubi
654 2692 751 2757 postea
779 2689 893 2742 basilica
922 2690 1067 2743 beatorum
1098 2694 1250 2758 martyrum
1273 2688 1408 2743 Facundii
1437 2691 1465 2742 et

347 2759 486 2814 Primitivi
516 2759 557 2812 ab
594 2759 671 2829 ipso
701 2760 825 2814 noscitur
853 2760 995 2816 fabricata.
1049 2760 1344 2831 Appropinquantibns
1374 2764 1464 2813 autem
1481 2774 1510 2813 ao

347 2830 641 2885 Christianorum
660 2831 834 2899 exercitibus,
852 2831 993 2886 mandavit
1011 2832 1190 2901 Agyolandus
1201 2831 1307 2886 Karolo
1326 2832 1464 2900 optionem

346 2901 489 2971 pugnandi
506 2902 655 2955 secundum
674 2902 745 2957 velle
770 2919 858 2971 suum,
883 2904 927 2956 rol
944 2902 1002 2956 XX
1020 2907 1116 2957 contra
1132 2903 1198 2973 XX,
1223 2903 1268 2957 rel
1292 2902 1346 2956 XL
1371 2906 1464 2956 contra

346 2973 471 3042 totidem,
496 2974 541 3027 vel
564 2977 675 3027 centum
700 2977 796 3028 oontm
818 2972 848 3042 0,
874 2975 919 3028 vel
943 2974 1020 3029 mille
1045 2974 1175 3029 adversus
1199 2974 1318 3041 mille,
1342 2974 1387 3027 vel
1411 2989 1463 3026 uno

347 3048 444 3099 contra
467 3061 561 3113 unum,
583 3046 627 3100 vel
652 3044 759 3100 duobus
783 3049 881 3099 contra
907 3044 976 3099 dnos
1001 3046 1212 3101 decertantibus.
1254 3044 1366 3099 Interea
1391 3044 1465 3098 missi

347 3120 410 3169 sunt
428 3133 445 3168 a
461 3115 568 3170 Karolo
587 3120 697 3171 centum
716 3120 812 3171 contra
830 3115 852 3170 G
871 3116 1029 3185 Agyolaudi
1053 3118 1162 3185 milites,
1188 3123 1216 3171 et
1240 3115 1379 3170 interfecti
1404 3120 1464 3169 suut
1480 3130 1506 3170 aa

347 3186 499 3243 Sarraceni
536 3186 642 3241 Deinde
660 3188 733 3241 misit
752 3187 778 3241 Α
817 3187 931 3240 olandus
951 3187 996 3240 00
1014 3193 1111 3242 contra
1128 3187 1173 3242 CO
1191 3186 1292 3241 Karoli
1308 3188 1419 3255 milites,
1438 3190 1464 3240 et

347 3258 439 3311 statim
467 3258 548 3311 occisi
575 3262 639 3311 sunt
666 3276 761 3312 omnes
821 3258 889 3312 auri.
934 3256 1073 3311 Iterum
1101 3259 1175 3312 misit
1202 3258 1382 3328 Agyolandus
1412 3258 1462 3311 duo

346 3328 423 3381 milia
441 3332 537 3382 contra
555 3328 609 3409 duo
628 3328 711 3396 milia,
731 3346 746 3381 e
765 3329 863 3397 quibus
882 3328 935 3381 alia
952 3346 1017 3397 pars
1035 3329 1124 3383 occisa
1142 3335 1191 3399 est,
1210 3330 1264 3383 alia
1280 3332 1360 3399 terga
1375 3330 1462 3384 vertit.

348 3398 445 3453 Tereia
468 3416 534 3453 vero
559 3398 603 3452 d1e
627 3400 693 3453 iecit
717 3403 803 3453 sortes
828 3399 1008 3469 Agyolandus
1032 3405 1146 3470 secreto,
1174 3402 1203 3454 in
1227 3402 1327 3469 quibus
1354 3400 1464 3470 agnovit

346 3468 467 3594 Karoliii
465 3469 669 3552 detrimentum,
688 3474 722 3553 et¹
733 3469 874 3524 mandavit
892 3471 926 3538 ei,
945 3475 977 3523 ut
994 3470 1030 3524 ad
1047 3489 1170 3542 pugnam
1194 3472 1347 3541 plenariam
1372 3475 1464 3525 contra
1478 3485 1504 3525 so

326 3558 426 3666 tl,
445 3541 961 3679 ,tittlttilltttattat,
974 3546 1104 3681 titt.
1119 3547 1463 3669 atatam

348 3700 397 3737 sua
414 3683 513 3737 bellica
531 3682 652 3737 studiose
668 3687 846 3753 preparantes
866 3682 958 3737 hastas
982 3701 1044 3737 suas
1068 3687 1098 3738 in
1122 3691 1196 3740 terra
1219 3684 1340 3740 fixerunt
1363 3689 1463 3739 erectas

348 3757 412 3809 anta
437 3758 539 3822 castra,
564 3754 668 3809 scilicet
691 3754 719 3807 in
744 3755 831 3824 pratis
854 3754 933 3808 iuxta
956 3755 1095 3824 prefatum
1119 3756 1238 3826 flumem
1265 3774 1333 3825 quas
1359 3773 1462 3810 summo
1529 3810 1537 3820 ,

347 3842 429 3909 mane
447 3825 803 3949 codicffrmdztgorssgbtm
816 3826 1138 3951 'invenesrigntcglaqsnttim
1164 3828 1205 3953 bii
1228 3828 1341 3953 soilitcet,
1367 3828 1414 3953 (μὲι
1432 3826 1503 3951 {nso

348 3914 535 4037 ffireapbbbldi
560 3914 615 4049 (ilici
642 3967 696 4049 fas.
713 3971 755 4021 est
781 3913 974 4022 {dilmdddntese
989 3916 1171 4039 tantudrdddn
1183 3916 1350 4024 mdcrdddlrldmd
1376 3915 1463 4024 didaz

347 4038 437 4109 gratie
454 4041 484 4093 et
503 4041 608 4091 mentis
633 4037 751 4107 fidesque
772 4039 948 4107 imperatorie
973 4041 1139 4095 ascribentes
1164 4042 1359 4096 absciderunt⁰
1381 4057 1463 4110 prope

348 4114 464 4178 terram3
483 4126 599 4177 quarum
617 4108 731 4177 radices,
749 4126 820 4177 quae
833 4108 861 4163 in
877 4113 951 4164 terra
961 4116 1160 4180 remanserunt,
1173 4130 1208 4167 ex
1219 4130 1249 4167 se
1260 4116 1356 4182 postea
1367 4128 1463 4182 magua

348 4333 372 4379 a)
389 4332 450 4371 uncto
467 4333 550 4371 aalma
563 4342 619 4382 pons
636 4333 705 4372 deleta
718 4342 746 4373 en
758 4338 811 4373 soto
824 4334 944 4383 momtsott
956 4345 1013 4375 saec.
1026 4336 1077 4379 ΧΥ.
1090 4336 1194 4386 suppleat.
1260 4337 1284 4389 b)
1298 4340 1369 4376 m
1382 4335 1462 4375 osam
1476 4332 1500 4373 to

348 4390 470 4435 correptus.
498 4386 533 4433 Os.
548 4386 671 4435 hasidam
684 4386 765 4425 Korou
778 4387 828 4437 III,
841 4399 859 4431 c.
868 4388 889 4437 3,
902 4389 941 4427 ubl
953 4390 1046 4437 maur.-
1059 4400 1113 4437 gaus
1126 4389 1274 4429 §macenias
1286 4390 1367 4430 ridens
1380 4393 1462 4437 sanum

347 4438 459 4531 gaam
468 4436 579 4532 Euaissa}
584 4440 671 4535 ¹scailaiecoit
689 4444 712 4480 st
726 4438 833 4481 decenter
848 4445 958 4483 ornatam.
1027 4444 1048 4491 o)
1066 4443 1142 4483 hastas
1155 4443 1190 4482 tto
1203 4447 1223 4482 st
1235 4443 1260 4481 ta
1273 4444 1343 4493 indus
1356 4442 1462 4491 Bessadae
