3284 5150
329 524 365 579 98
643 520 824 578 ansatas
843 520 1134 580 masslcnnsns

242 721 320 775 1236.
438 705 539 769 Anno
555 703 816 769 MOOXXXVI.
852 704 1047 790 Imperator
1069 710 1105 771 et
1123 705 1304 790 episeopus
1321 708 1448 791 Argen·

185 839 205 868 0,
214 826 321 869 mm,
330 794 475 858 binensis
516 794 608 858 circa
648 794 788 857 initium
826 794 899 857 XL.
943 795 1085 878 pacifice
1128 799 1363 859 convenerunt
1404 798 1448 861 de

330 883 443 958 feodo,
468 903 570 966 super
587 904 654 966 quo
670 884 765 968 prius
782 882 886 966 longo
909 887 1064 967 tempore
1087 885 1253 949 intereos
1270 886 1447 950 contentio

329 970 530 1037 vertebatur
539 970 560 1030 1.

437 1060 567 1127 Eodem
591 1064 745 1144 tempore
770 1062 863 1144 apud
886 1060 1059 1126 Fuldense
1082 1062 1330 1127 monasterium
1345 1063 1485 1127 Iudeic

330 1151 495 1233 quosdam
524 1170 645 1233 pueros
677 1148 892 1215 Christianos
921 1150 959 1213 in
989 1151 1137 1232 quodam
1167 1151 1375 1229 molendino,
1406 1155 1448 1215 nt

331 1239 443 1303 exeis
468 1239 669 1321 sanguinem
693 1239 738 1303 ad
761 1259 862 1303 sunm
885 1239 1073 1304 remedium
1099 1239 1272 1317 elicerent,
1299 1261 1448 1324 pereme-

329 1332 427 1405 runt;
463 1327 556 1392 unde
591 1328 680 1392 cives
716 1328 870 1393 eiusdem
904 1328 1055 1392 civitatis
1091 1329 1219 1393 multos
1253 1350 1295 1393 ex
1329 1330 1448 1394 Iudeis

330 1417 530 1482 oeciderunt
541 1417 562 1479 ².
618 1416 685 1481 Sed
716 1437 794 1481 cnm
829 1437 1014 1500 puerorum
1048 1438 1191 1502 corpora
1224 1418 1261 1481 in
1296 1421 1447 1483 castrum

330 1505 527 1588 Hagenowe
573 1504 692 1571 delata
736 1508 772 1572 et
816 1506 947 1570 ibidem
984 1506 1229 1571 venerabiliter
1272 1507 1448 1573 tumulata
1468 1538 1499 1576 ιο

329 1594 486 1672 tuissent,
517 1596 705 1680 imperator
734 1594 937 1671 tumultum,
967 1596 1026 1677 qui
1055 1598 1140 1659 tunc
1171 1599 1292 1660 contra
1318 1596 1447 1661 Indeos

330 1686 425 1747 ortus
450 1687 511 1761 est,
536 1683 638 1748 aliter
654 1684 773 1749 sedare
793 1704 863 1747 non
878 1683 996 1747 valens
1019 1684 1149 1748 multos
1163 1685 1255 1749 viros
1274 1689 1446 1768 potentes,

330 1793 471 1855 magnos
510 1776 546 1837 et
580 1773 763 1848 litteratos,
799 1792 841 1836 ex
876 1773 1018 1837 diversis
1052 1774 1209 1858 partibus
1244 1794 1446 1851 convocans,

329 1862 515 1945 diligenter
549 1882 570 1925 a
601 1861 813 1946 sapientibus
843 1862 1036 1944 inquisivit,
1067 1865 1199 1940 utrum,
1233 1864 1324 1927 sicut
1352 1865 1447 1927 fama

329 1951 519 2017 communis
565 1950 687 2026 habet,
735 1951 837 2015 Iudei
878 1950 1113 2014 Christianum
1161 1954 1364 2034 sanguinem
1409 1953 1449 2015 in
1467 1981 1496 2020 ιε

328 2059 513 2125 parasceue
540 2040 769 2104 necessarium
800 2039 977 2115 haberent,
1009 2040 1154 2105 firmiter
1183 2062 1386 2125 proponens,
1417 2043 1446 2105 si

329 2130 394 2193 hoc
418 2128 449 2193 ci
477 2130 622 2193 devere
653 2131 837 2204 constaret,
869 2129 1045 2193 universos
1076 2130 1213 2214 imperii
1242 2131 1296 2193 sni
1320 2130 1446 2195 Iudeos

327 2219 403 2283 fore
434 2219 659 2301 perimendos.
705 2218 835 2281 Verum
865 2219 946 2301 quia
980 2218 1089 2281 nichil
1123 2219 1209 2283 certi
1243 2239 1346 2303 snper
1380 2221 1446 2283 hoc

329 2308 476 2391 experiri
502 2310 648 2391 poterat,
682 2307 846 2371 severitas
876 2306 1064 2390 imperialis
1094 2308 1271 2392 propositi,
1303 2314 1447 2392 accepta

328 2400 446 2461 tamen
470 2418 490 2459 a
513 2396 631 2460 Iudeis
655 2416 781 2478 magna
804 2396 960 2479 pecunia,
984 2396 1021 2458 in
1045 2396 1141 2461 brevi
1164 2397 1371 2479 conquievit.
1464 2427 1491 2465 io

436 2485 570 2549 Deinde
583 2485 738 2568 premisit
753 2485 940 2568 imperator
952 2486 1140 2549 exercitum
1154 2486 1191 2549 in
1202 2486 1447 2550 Lombardiam

204 2598 317 2639 amm.
330 2575 420 2639 circa
450 2575 576 2638 festum
608 2574 763 2657 Philippi
793 2579 829 2638 et
858 2574 977 2638 Iacobi
1011 2575 1056 2638 ad
1091 2575 1337 2640 confortandos
1367 2597 1445 2640 snos

329 2664 499 2740 fautores,
535 2663 659 2744 quibus
694 2663 841 2744 prefecit
876 2660 1074 2726 (tetfridum
1111 2665 1242 2728 dictum
1273 2665 1443 2729 Pullaere.

242 2753 409 2836 (aa.)lpse
443 2772 522 2815 vero
558 2751 649 2814 circa
686 2755 916 2834 autumpnum
953 2773 1015 2835 per
1048 2752 1174 2818 vallem
1207 2753 1445 2819 Tridentinam

329 2841 533 2906 subsecutus
557 2842 609 2904 est
633 2861 709 2904 eum
735 2840 886 2904 exercitu
897 2840 918 2902 ³.
965 2840 1034 2919 Qui
1057 2842 1196 2906 veniens
1225 2843 1262 2905 in
1286 2843 1445 2908 Lombar-
1464 2864 1491 2904 a

328 2931 421 2994 diam
452 2929 627 2994 civitatem
650 2929 871 2994 Vincentiam
901 2931 994 3012 cepit
1002 2931 1026 2992 ⁴.
1071 2931 1218 2994 Mantua
1247 2953 1382 3014 quoqne
1410 2936 1445 2996 et

328 3020 448 3083 Padna
471 3023 640 3084 venerunt
664 3019 708 3082 ad
732 3019 942 3082 deditionem
953 3018 975 3080 ⁵.

205 3115 315 3181 (1237r)
435 3108 617 3172 Famosum
653 3108 757 3172 etiam
791 3107 892 3171 illum
921 3107 1019 3172 Wolf
1052 3109 1226 3190 quondam
1260 3110 1445 3174 scoltetum

329 3198 421 3282 apud
445 3196 664 3280 Hagenovre6
691 3217 760 3259 una
784 3217 862 3260 cum
885 3196 965 3259 filiis
989 3198 1082 3280 cepit
1105 3200 1140 3261 et
1163 3197 1267 3280 longo
1290 3202 1445 3282 tempore

327 3289 364 3350 in
388 3287 590 3370 captivitate
614 3285 768 3362 retinuit,
794 3306 833 3349 eo
850 3286 942 3367 quod
966 3286 1104 3350 colonos
1128 3290 1163 3350 et
1187 3288 1342 3352 homines
1366 3309 1445 3352 suos
1464 3317 1491 3356 ao

329 3468 355 3536 1)
376 3469 560 3520 Controversia
579 3465 613 3518 de
632 3465 722 3534 feudo,
742 3465 815 3532 quod
832 3467 1001 3518 Fridericum
1014 3467 1054 3523 II.
1071 3485 1122 3535 pro
1141 3471 1220 3535 parte
1237 3470 1445 3537 progenitorum

327 3539 356 3591 in
381 3537 459 3590 bonis
482 3539 686 3604 Arpentineusie
713 3537 843 3589 ecclesiae
868 3536 1053 3606 contingebat,
1078 3541 1184 3590 circiter
1208 3541 1241 3591 ab
1267 3557 1340 3593 enno
1366 3544 1443 3596 1219.

327 3611 477 3662 vertebatur
495 3615 518 3661 et
543 3609 616 3675 apud
633 3610 811 3674 Aryentinam
836 3625 921 3661 mense
939 3610 1042 3662 Martio
1067 3627 1092 3665 u.
1113 3613 1191 3665 1236.
1216 3614 1305 3678 sopita
1331 3617 1386 3678 eat,·
1410 3615 1444 3678 cf,

327 3681 564 3734 Bbbmer·Ficber
593 3697 637 3733 nr.
665 3681 743 3738 2143,
771 3682 880 3746 21379;
910 3680 1002 3746 Frui,
1035 3681 1226 3733 ‘Territmium
1254 3684 1299 3734 des
1325 3685 1446 3735 Bietums

327 3751 501 3818 Struesburgi
511 3767 541 3818 p.
551 3753 586 3806 76
596 3767 650 3818 sqq.
705 3750 732 3816 2)
752 3752 854 3803 Eadem
869 3754 924 3816 fere
940 3754 1014 3818 opud
1028 3754 1097 3804 Ann.
1109 3753 1249 3819 Erpbord.
1262 3755 1349 3818 fratr.
1360 3756 1445 3807 Prae·
1463 3766 1488 3806 ot

326 3826 475 3876 dicatorum
493 3839 519 3877 n.
533 3823 602 3876 1236
621 3822 706 3890 (Mon.
719 3821 962 3888 Erpbcsfurtensin
980 3825 1018 3874 ed.
1037 3824 1256 3890 finirier-Effer
1270 3843 1300 3892 p.
1318 3829 1374 3886 92),
1405 3826 1445 3877 De

327 3897 438 3947 crimine
449 3895 612 3946 Iudaeorum
624 3899 647 3945 et
659 3894 690 3945 dc
706 3895 878 3959 inquisitione
893 3894 927 3945 ab
939 3897 1099 3960 imperatore
1112 3897 1253 3962 postulata
1264 3897 1299 3960 cf.
1312 3897 1444 3948 Bbbmer-

326 3967 423 4020 Fielcer
448 3983 492 4021 nr.
511 3968 605 4020 aller.
627 3967 721 4020 11179.
742 3967 836 4018 14727.
863 3971 886 4015 et
907 3966 986 4018 bteru
1010 3968 1040 4016 iu
1066 3966 1234 4030 ‘Zeitecbrift
1258 3970 1308 4032 fiir
1332 3969 1375 4019 dic
1395 3968 1444 4020 Ge·

327 4038 437 4090 ecbubte
455 4038 502 4090 der
518 4037 609 4088 Juden
626 4039 655 4088 in
674 4036 869 4088 Deutecbiand'
881 4037 921 4099 II,
936 4053 965 4102 p.
980 4039 1032 4091 194
1043 4053 1098 4104 sqq,
1170 4038 1197 4106 3)
1216 4037 1304 4090 Mense
1322 4041 1445 4105 Arpano

331 4108 487 4160 Tridentum
505 4111 580 4161 uenit,
646 4109 674 4175 4)
694 4108 831 4158 Vincentia
849 4109 891 4158 dre
910 4111 933 4162 1.
947 4108 1102 4160 Nouembris
1120 4115 1200 4175 cepta
1216 4115 1263 4165 est.
1329 4113 1357 4178 5)
1371 4110 1445 4162 Haec
1461 4124 1488 4162 io

326 4183 416 4231 minus
442 4185 517 4232 recte.
560 4179 649 4230 Mense
675 4178 819 4244 Septembri
842 4179 1001 4230 Friderieue
1020 4195 1073 4245 per
1093 4195 1196 4246 paucos
1220 4182 1276 4232 dies
1300 4181 1443 4233 Mantuam

327 4251 422 4303 obsedit
439 4265 485 4301 nce
503 4255 590 4300 tamen
608 4251 689 4317 cepit,·
707 4249 863 4301 deditionem
874 4251 978 4301 muium
991 4255 1054 4316 poet
1066 4252 1256 4318 expeditionem
1267 4253 1444 4304 Austrincam

326 4338 411 4374 menae
432 4319 536 4373 Octobri
553 4323 621 4371 anni
640 4323 715 4374 1237.
735 4323 841 4388 accepit.
877 4320 976 4373 Pudnu
993 4337 1078 4372 mense
1095 4323 1248 4374 Februario
1266 4339 1292 4377 a.
1313 4326 1389 4378 1237.
1412 4326 1443 4374 in

326 4394 451 4446 ditionem
469 4393 641 4459 imperatoris
665 4393 741 4446 venit.
841 4392 870 4454 6)
889 4393 932 4456 Of.
953 4391 1096 4444 Rioberum
1114 4393 1287 4446 Seucneneem
1305 4395 1325 4445 I
1328 4396 1358 4462 V,
1384 4410 1404 4448 c.
1425 4397 1442 4448 6

327 4465 387 4528 (SS,
409 4465 499 4529 XXV,
521 4481 551 4530 p.
571 4465 645 4522 302),
689 4463 754 4514 Cum
778 4462 943 4527 Wuifelinue
967 4465 1047 4515 etiam
1072 4481 1157 4516 nume
1176 4465 1247 4517 Iulio
1272 4481 1345 4518 anno
1364 4469 1441 4521 1237.
1459 4481 1485 4521 it

326 4536 450 4586 scultetus
468 4535 498 4586 de
516 4533 664 4600 Hapencure
682 4537 754 4584 testis
774 4533 960 4585 subscribatur
977 4536 1026 4599 (cf.
1045 4535 1205 4603 Schoepfiim
1229 4537 1443 4604 Aleatiadiplc·
