3284 5150
313 522 348 577 80
628 516 810 574 ANNALES
829 516 1121 576 missnensem.

143 750 197 791 cm
206 681 303 791 ἐξὲξ
423 696 531 765 [Nam]
555 701 631 786 ipso
654 707 767 767 annot
790 701 875 767 Otto
897 723 958 768 rex
979 704 1018 766 in
1040 703 1132 768 festo
1154 703 1268 768 sancti
1290 703 1436 768 Martini

198 779 406 875 'manspud
436 790 678 855 Frankenvurt
708 792 839 856 curiam
869 791 1067 870 celebravit,
1098 792 1274 857 mediante
1303 793 1436 859 cancel-

313 879 399 944 lario
424 878 557 944 scilicet
580 880 734 963 Spirensi
764 880 925 964 episcopo
935 879 956 958 ¹,
987 881 1048 963 qui
1075 881 1209 965 regalia
1236 884 1321 945 tuno
1350 885 1435 947 tom·

313 968 406 1053 poris
435 968 651 1047 observabat,
681 968 743 1033 ubi
766 969 810 1034 ab
838 969 1007 1034 universis
1033 969 1248 1054 principibus
1277 971 1436 1035 unanimi

313 1077 481 1123 consensu
504 1057 635 1122 electus
658 1058 728 1121 fuit
751 1060 788 1122 et
810 1057 1033 1123 confirmatus
1055 1058 1092 1123 in
1114 1058 1261 1143 regem&
1453 1082 1470 1123 s

167 1166 302 1208 masas.
422 1142 501 1211 fUbi
519 1147 635 1224 etiam,
660 1146 824 1229 copulata
842 1147 909 1211 sibi
931 1166 1038 1211 uxore
1058 1147 1131 1211 filis
1152 1147 1244 1231 regis
1259 1147 1433 1233 Phylippi,

155 1260 157 1265 ¹
313 1235 403 1300 sicut
419 1236 513 1319 prius
526 1235 763 1319 dispensatum
779 1236 896 1300 iuerat
911 1256 974 1319 per
985 1236 1163 1300 dominum
1178 1237 1433 1321 apostolicum³,

312 1324 471 1389 universa
494 1325 624 1409 predia,
656 1327 778 1401 castra,
808 1324 967 1389 civitates
989 1327 1026 1389 et
1048 1325 1185 1409 oppida,
1217 1345 1306 1408 quae
1328 1326 1434 1409 longo

312 1416 467 1497 tempore
506 1412 577 1477 diri
614 1413 839 1496 imperatores
874 1412 1069 1478 Fridericus
1106 1416 1143 1479 et
1176 1413 1363 1480 Heinricus
1396 1416 1436 1478 in

312 1521 420 1565 unum
454 1502 611 1567 maximis
645 1501 843 1586 sumptibus
877 1504 914 1566 et
947 1502 1085 1566 infinita
1118 1503 1267 1586 pecunia
1302 1523 1435 1569 coacer-
1454 1526 1486 1566 ιο

311 1584 511 1669 voverantb,
524 1591 561 1654 in
576 1591 685 1676 ipsius
701 1591 869 1656 ditionem
885 1594 1062 1655 cesserunt
1071 1590 1094 1669 ⁴,
1107 1594 1142 1655 et
1158 1591 1262 1656 etiam
1278 1591 1435 1657 favorem

312 1680 466 1743 omnium
488 1680 684 1765 principum
707 1682 743 1745 et
766 1679 913 1744 maxime
932 1679 1120 1745 Suevorum
1144 1700 1216 1745 una
1238 1701 1317 1745 cum
1339 1702 1435 1765 rega·

311 1769 403 1833 libus
427 1773 464 1835 et
486 1772 599 1834 castro
621 1768 773 1834 Trievels
796 1767 960 1832 obtinuit

420 1856 608 1923 Considera
617 1856 638 1935 ⁵,
663 1856 824 1934 olcctor,
847 1856 1103 1922 volubilitatem
1127 1858 1248 1923 mundi
1271 1861 1308 1922 et
1330 1879 1433 1942 quam

311 1948 415 2012 breve
444 1947 574 2011 testum
605 1946 715 2031 gloria
749 1946 854 2010 huius
888 1944 1030 2022 seculi⁰,
1067 1947 1238 2029 quomodo
1271 1947 1483 2013 universam

311 2036 512 2101 transitoria
534 2038 571 2100 et
593 2034 749 2099 labentia
772 2037 808 2099 et
839 2034 900 2097 diu
923 2038 1014 2100 stare
1047 2054 1118 2099 nou
1153 2039 1307 2119 possunt,
1343 2037 1435 2101 sicut

311 2125 448 2210 plenius
487 2124 725 2189 consideratur
761 2124 799 2186 in
836 2123 905 2188 isto
942 2123 1097 2208 principe
1131 2127 1167 2189 et
1202 2125 1322 2189 multis
1356 2125 1435 2189 aliis

311 2213 586 2280 antecessoribus
620 2212 707 2291 suis3
743 2212 803 2296 qui
836 2212 892 2276 vix
920 2215 1056 2275 tantam
1085 2212 1231 2296 gloriam
1254 2234 1316 2297 per
1338 2215 1434 2297 quin·

223 2303 500 2387 1212.quennium
534 2300 681 2379 tenuit⁶‚
717 2304 753 2365 et
786 2301 914 2365 iterato
948 2301 993 2364 ad
1022 2300 1236 2385 legittimum
1269 2302 1433 2368 heredem

311 2393 535 2469 Fridericum
552 2391 662 2455 filium
678 2390 846 2466 Heinrici,
862 2392 944 2453 sunt
958 2388 1126 2468 revoluta,
1142 2394 1179 2455 et
1193 2391 1303 2456 libere
1317 2393 1434 2456 omnia-
1452 2416 1483 2455 so

311 2501 373 2545 sua
396 2480 559 2565 possedit,
584 2480 675 2544 sicut
698 2481 818 2563 postea
842 2478 1053 2561 perpendere
1076 2474 1227 2563 poteris.l

142 2560 303 2674 oonpssffi
418 2581 542 2651 Annos
568 2585 729 2650 MOOIX.
777 2584 862 2650 Otto
891 2605 951 2649 rex
983 2606 1045 2670 pro
1074 2585 1247 2670 imperiali
1277 2587 1433 2653 benedic·

256 2677 427 2742 ratione0
461 2679 618 2759 tempore
659 2673 844 2738 messium⁷
880 2673 1026 2738 Romam
1064 2675 1303 2758 proficiscitur.
1364 2675 1433 2754 Qui

206 2765 418 2840 (caristiam
448 2764 491 2828 ab
516 2762 723 2828 Innocentio
753 2783 845 2846 papa
875 2762 912 2824 in
934 2763 1178 2846 imperatorem
1201 2767 1431 2842 consecratur,

101 2849 102 2853 ’
312 2856 507 2918 iuramento
531 2852 626 2936 prius
650 2851 795 2935 prestito
804 2851 827 2929 ⁸,
858 2851 950 2934 quod
982 2855 1109 2916 terram
1140 2855 1176 2917 et
1206 2852 1298 2918 bona
1321 2854 1481 2918 sanctiss

312 2943 418 3021 Petri,
436 2961 523 3026 quae
547 2940 600 3005 sui
623 2944 856 3005 antecessores
879 2961 988 3024 usque
1011 2940 1055 3003 ad
1078 2941 1115 3004 id
1130 2942 1296 3026 temporis
1312 2945 1433 3007 contra

311 3156 333 3206 a)
357 3155 414 3193 hanc
436 3152 535 3192 notitiam
558 3151 586 3190 ad
609 3151 794 3190 emissariorum
816 3148 1018 3197 Hammeum
1036 3150 1147 3197 posim
1168 3151 1192 3189 in
1213 3152 1365 3190 commentario
1387 3161 1433 3190 mco

311 3209 409 3258 exposui.
470 3205 495 3256 b)
515 3203 667 3244 coacerv'snt
682 3214 700 3242 o.
765 3204 785 3251 c)
803 3199 832 3240 h‘t
845 3202 886 3241 scii
899 3203 923 3240 in
937 3204 981 3241 icoo
995 3212 1053 3244 roso.
1114 3200 1138 3254 d)
1156 3204 1234 3242 ahino
1247 3214 1313 3254 usquc
1326 3205 1356 3243 ad
1369 3204 1433 3252 fison

311 3271 417 3310 numquam
431 3270 490 3298 anno
504 3258 595 3297 Domini
609 3257 714 3304 scriptum
727 3259 764 3298 est.
818 3255 839 3306 ο)
854 3255 930 3294 ultimo
944 3257 1017 3294 smera
1031 3266 1044 3295 e
1057 3256 1081 3294 in
1094 3256 1140 3295 loco
1154 3267 1213 3296 raso.

312 3438 340 3505 1)
359 3435 502 3488 Conradus
520 3433 551 3485 dc
568 3431 767 3497 Scborfenberq
781 3447 836 3498 pro
853 3431 996 3484 traditione
1013 3433 1163 3499 instandum
1181 3434 1314 3500 repulsum
1332 3433 1433 3487 ottonis
1451 3445 1481 3486 so

311 3509 384 3574 repis
401 3505 577 3558 cancellarius
594 3504 699 3568 effectus
716 3509 769 3569 est,·
788 3503 824 3565 cf.
844 3502 1042 3566 Winkelmonn,
1062 3505 1129 3556 ‘oso
1146 3521 1196 3557 oon
1214 3505 1432 3572 Brcunsrbwoip’

307 3596 337 3646 p.
352 3579 404 3633 124
413 3593 452 3643 sq.
507 3576 535 3641 2)
558 3574 598 3640 Of.
616 3573 779 3639 suasos,
796 3573 893 3625 ‘Uebcr
908 3575 1074 3627 wicdcrholto
1089 3575 1209 3628 basem
1224 3575 1433 3642 Konspswaiaen

311 3652 349 3701 im
362 3651 403 3705 13.
416 3645 474 3700 Jh!
482 3663 513 3712 p.
523 3648 559 3700 23
567 3661 623 3712 sqq.
678 3645 705 3712 3)
719 3644 762 3708 Of.
774 3660 862 3710 supra
872 3647 952 3711 p.77‚
965 3646 982 3699 l.
992 3647 1018 3700 4.
1072 3645 1100 3714 4)
1114 3645 1155 3710 Of.
1169 3643 1310 3699 Oroniccm
1320 3647 1348 3702 S.
1357 3648 1435 3700 Petri

311 3719 464 3772 modernam
482 3717 544 3782 (SS.
562 3715 656 3780 XXX,
671 3731 701 3781 p.
717 3717 791 3776 381).
864 3717 892 3783 5)
912 3715 953 3781 Cf.
971 3714 1075 3768 Ottom‘s
1090 3717 1212 3783 Frisinp.
1232 3718 1383 3771 Chronicon
1401 3719 1432 3784 V,

311 3806 331 3846 c.
345 3792 388 3857 36,
402 3791 451 3842 ubi
461 3790 604 3841 sententias
614 3787 769 3838 simillimos
782 3787 913 3841 inemtas.
980 3787 1007 3853 6)
1019 3787 1061 3853 Cf.
1074 3788 1154 3851 infra
1166 3805 1196 3855 p.
1209 3790 1252 3844 84.
1266 3791 1303 3840 od
1315 3805 1341 3844 a.
1354 3791 1432 3844 1212.
1450 3805 1479 3845 so

312 3861 339 3931 7)
358 3861 448 3914 Mense
460 3859 538 3912 lulio'
548 3863 656 3912 eccum
671 3858 861 3923 ocpedt'ts'onom
873 3860 904 3909 in
915 3857 1026 3909 Italiam
1037 3861 1125 3914 movit.
1191 3859 1219 3928 8)
1232 3860 1390 3912 iuramento
1402 3860 1433 3912 do

306 3932 519 4000 possessionibus
527 3930 550 3985 b.
560 3929 637 3982 Petri
646 3928 704 3980 Otto
712 3931 768 3980 iam
780 3944 854 3980 anno
863 3930 941 3984 1201.
951 3944 1037 3980 morso
1046 3929 1128 3981 Ionio
1135 3931 1253 3984 Nussioe
1256 3934 1433 3998 praestiterat

311 4005 360 4070 (cs.
374 4003 494 4068 Kradbo,
508 4002 605 4053 ‘Neues
616 3999 729 4053 Arcbiv'
742 3998 803 4050 XX
805 3998 868 4063 VII,
879 4016 910 4066 p.
924 4001 1070 4067 515sqq.);
1087 4017 1146 4053 cum
1162 4007 1223 4053 anic
1237 4005 1433 4055 coronasonm

311 4072 1432 4211 5titiisi?itt&immittimttiiiim
1449 4160 1478 4198 ω

311 4217 461 4267 missionem
473 4215 625 4281 Spirensem
639 4212 741 4265 odonis
751 4227 839 4265 menso
848 4212 953 4266 Martio
970 4230 996 4268 a.
1011 4215 1088 4269 1209.
1101 4216 1202 4279 factam
1214 4214 1284 4279 (LL.
1298 4216 1433 4268 Constitu·

311 4285 452 4352 isosceli,
466 4302 497 4352 p.
510 4286 567 4352 36),
585 4284 632 4336 obi
650 4285 762 4348 lcqitor:
781 4282 963 4352 possessiones
981 4283 1073 4351 etism,
1092 4301 1160 4352 quas
1178 4285 1293 4368 pcclesia
1304 4285 1433 4340 Romans

311 4356 490 4426 recuperarit,
504 4355 538 4408 ab
552 4354 768 4408 antecessoribus
783 4355 883 4408 nostris
898 4371 946 4409 scu
962 4355 1128 4423 quibuslibet
1143 4355 1203 4408 alirs
1219 4359 1283 4410 anto
1299 4356 1431 4423 dotentas,

310 4428 465 4482 liberaret
490 4426 595 4494 quietas
620 4425 672 4479 sibi
697 4424 861 4480 dimittimus
886 4430 914 4480 st
938 4425 1026 4494 ipsam
1051 4425 1086 4480 sd
1111 4443 1156 4481 ess
1180 4426 1337 4482 retinendas
1358 4428 1433 4482 bons

311 4499 366 4554 fido
383 4497 570 4568 promittimus
589 4497 727 4557 adiuvare,
1448 4513 1477 4554 st
