3284 5150
508 516 689 571 ANNALES
707 514 999 572 MARBAOENSRS.
1280 509 1317 572 55

301 702 431 766 Eodem
463 721 554 764 anno
586 701 774 783 imperator
803 700 897 784 apud
919 699 1091 764 Veronam
1122 697 1414 770 ci'ritatem.r.1m.

194 791 311 855 Ytalie
346 811 425 855 cum
459 810 550 874 papa
583 789 691 853 Lucio
726 789 818 854 cirea
852 788 932 853 Kal.
963 786 1179 852 Novenbrisl
1213 774 1405 884 (30110-ᾆέξ4

195 880 315 963 quium
344 879 479 955 habuit,
510 879 547 941 in
577 898 646 960 quo
676 876 1000 942 Iherosolimitanus
1030 875 1251 961 patriarchal
1279 879 1315 940 et

196 969 360 1053 magister
382 966 540 1050 Templi³
569 970 605 1031 et
628 965 845 1050 Hospitalis*
870 965 1024 1043 fuerunt,
1057 968 1314 1049 conquerentes,

163 1059 289 1140 squod
319 1056 498 1121 Sarraceni
528 1076 569 1120 ex
598 1075 725 1138 magna
755 1057 854 1138 parte
881 1053 1158 1118 Christianorum
1187 1057 1316 1118 terram

197 1147 462 1210 devastaverant
485 1145 580 1209 etin
603 1144 758 1228 proximo
782 1164 819 1208 se
843 1147 1006 1227 capturos
1029 1142 1256 1207 minarentur.

302 1233 450 1297 Interim
479 1232 646 1298 defuncta
676 1236 728 1298 est
759 1232 831 1296 filia
861 1233 1092 1316 imperatoris,
1124 1252 1212 1314 quae
1245 1231 1316 1296 fuit

197 1323 403 1406 desponsata
433 1321 504 1385 filio
538 1321 629 1405 regis
656 1320 846 1404 Ungarie⁵;
882 1341 946 1386 neo
979 1321 1039 1385 diu
1074 1324 1195 1405 postea
1228 1320 1317 1386 obiit
1325 1344 1356 1392 (a.
1367 1343 1423 1385 ra.
1432 1345 1476 1393 ιω.

197 1411 337 1476 Beatrix
360 1411 570 1495 imperatrix.

152 1530 178 1569 m
302 1500 443 1564 Interea
465 1520 525 1564 rex
545 1498 731 1563 Heinricus
755 1499 887 1562 curiam
910 1498 1004 1582 apud
1019 1499 1215 1583 Augustam
1238 1499 1434 1569 civi-roam).

194 1592 304 1654 tatem
328 1589 432 1653 Recie
456 1588 595 1662 habuit;
620 1587 681 1652 ubi
705 1588 926 1671 desponsavit
945 1585 1185 1651 Constantiam
1208 1588 1317 1651 filiam

195 1677 287 1762 regis
310 1677 438 1761 Apulie
462 1676 632 1760 Rogeriil.

302 1766 434 1830 Eodem
464 1786 556 1831 anno
579 1767 671 1830 estas
701 1765 814 1828 calida
844 1767 880 1829 et
910 1765 1010 1842 sicca,
1042 1765 1103 1829 sed
1132 1766 1170 1827 in
1200 1784 1316 1830 mense
1327 1787 1383 1828 aa.

195 1855 384 1920 Novembri
407 1855 555 1918 maxima
577 1854 761 1918 inundatio
784 1874 951 1937 aquarum
974 1853 1054 1917 fuit.
1093 1853 1184 1917 Nam
1207 1874 1317 1937 aquae

152 1971 178 2010 rs
196 1964 267 2009 non
290 1943 402 2008 solum
424 1943 619 2027 pluviarum
643 1943 844 2020 ministerio,
869 1943 929 2007 sed
954 1963 1015 2025 per
1037 1942 1191 2008 occultos
1211 1943 1316 2007 etiam

195 2035 288 2096 terre
323 2035 457 2096 meatus
493 2035 711 2115 erumpentes
745 2032 782 2094 in
817 2034 956 2095 tantum
991 2034 1189 2109 oraverunt,
1225 2033 1316 2115 quod

196 2120 270 2185 fere
305 2139 441 2184 omnem
476 2120 568 2184 circa
597 2140 632 2184 se
665 2120 813 2203 positam
846 2119 1030 2203 planiciem
1065 2123 1317 2204 cooperuerunt

196 2212 233 2274 et
256 2209 442 2272 maximum
466 2208 655 2291 dampnum
678 2208 876 2272 hominibus
899 2208 1105 2272 intulerunt.

304 2297 385 2380 Ipso
431 2317 523 2361 anno
564 2295 751 2362 Heinrious
796 2296 1007 2379 colloquium
1052 2296 1177 2361 habuit
1223 2297 1395 2379 apudrrur.)

150 2415 179 2453 so
196 2386 428 2470 Erphurdiam
478 2385 631 2450 nobilem
681 2384 847 2468 Turingie
898 2384 1074 2450 civitatem
1127 2405 1206 2449 cnm
1257 2386 1317 2449 ali·

197 2475 321 2559 quibus
356 2474 570 2558 principibus
604 2478 640 2539 et
670 2474 748 2538 aliis
781 2473 980 2538 baronibus.
1037 2475 1080 2537 In
1112 2494 1180 2556 quo
1215 2474 1316 2539 collo·

196 2565 276 2648 quio
305 2565 450 2629 inferior
479 2585 558 2648 pars
589 2564 711 2629 domus
741 2563 884 2647 palacii,
916 2564 953 2627 in
981 2584 1051 2647 qua
1080 2563 1317 2629 consistebant

196 2654 368 2738 principes
402 2658 438 2718 et
477 2654 619 2718 comites
654 2655 690 2718 et
723 2653 784 2717 alii
819 2653 945 2717 diversi
979 2654 1115 2737 generis
1149 2654 1315 2730 homines,

197 2743 342 2819 corruit,
385 2747 421 2807 et
460 2742 563 2806 multi
600 2742 755 2825 obpressi
792 2746 875 2806 sunt
913 2743 1042 2806 mortui
1079 2742 1243 2807 cadentes
1280 2743 1317 2805 in

151 2859 178 2898 rs
196 2830 358 2893 latrinam
370 2830 391 2891 ⁷.
452 2831 551 2895 Inter
588 2851 674 2913 quos
712 2851 825 2896 comes
864 2831 1059 2895 Fridericus
1097 2833 1140 2895 de
1179 2830 1317 2895 Haben·

196 2919 276 2983 berc
307 2922 343 2983 et
372 2918 434 2981 alii
463 2918 543 2982 IIII
574 2920 717 2984 comites
746 2920 864 3002 magni
894 2922 930 2983 et
960 2920 1085 2983 divites
1095 2920 1117 2996 ⁸,
1148 2924 1184 2984 et
1215 2920 1318 2983 multi

197 3007 258 3071 alii
302 3027 362 3089 per
400 3007 535 3071 diversa
572 3027 753 3090 corporum
800 3007 878 3071 looa
914 3007 1058 3072 lacerati
1095 3008 1224 3072 mortui
1261 3008 1316 3073 vel

196 3095 413 3160 semianimes
437 3095 599 3172 extracti3
624 3094 697 3160 solo
720 3115 801 3179 rege
816 3089 1007 3178 H[einrico]
1025 3096 1062 3158 in
1078 3116 1149 3159 una
1163 3095 1319 3160 fenestra

196 3185 348 3250 eiusdem
374 3184 496 3248 domus
519 3184 709 3249 adherente
732 3187 768 3248 et
792 3204 834 3248 ex
849 3204 919 3248 uno
935 3184 1044 3249 latere
1060 3184 1318 3268 archiepiscopo

150 3300 177 3340 so
195 3274 403 3357 Maguntino
428 3272 590 3337 Ounrado
620 3272 687 3337 sibi
716 3273 909 3351 assistente,
940 3293 982 3337 ex
1012 3273 1081 3337 alio
1111 3271 1319 3338 cancellario

195 3383 257 3428 suo
282 3361 495 3428 Godefrid0⁹
518 3364 665 3427 astante.

301 3453 404 3515 Anno
443 3451 586 3516 Domini
623 3449 867 3514 MOLXXXV.
928 3451 1057 3515 Lucius
1095 3473 1185 3536 papa
1223 3452 1316 3536 apud
1327 3457 1405 3513 1185.

195 3539 365 3605 Veronam
390 3540 492 3619 obiit3
518 3540 575 3605 cui
598 3539 759 3604 Urbanus
784 3540 936 3605 terciusl
962 3542 1136 3618 successit,
1165 3542 1224 3624 qni
1246 3542 1442 3613 iuitmoaas).

195 3676 216 3727 a)
232 3677 315 3715 tercius
329 3678 401 3715 eadem
417 3688 482 3715 manu
495 3688 602 3726 superacr.

149 3799 176 3839 ss
197 3783 223 3847 1)
245 3782 362 3834 Veronae
386 3785 535 3848 imperator
552 3800 571 3835 a
588 3785 631 3835 die
650 3786 691 3838 19.
712 3784 830 3837 Octobris
847 3800 929 3851 usque
947 3785 985 3835 ad
1001 3786 1027 3838 4.
1046 3786 1146 3837 mmsis
1163 3784 1318 3837 Noombrsir

194 3853 307 3914 oderam·
331 3856 365 3917 cs.
390 3854 510 3921 Stumps,
537 3854 768 3906 ‘Reiclcslcanzlm'
794 3855 858 3921 Rep.
878 3857 949 3909 4388
963 3871 1018 3921 sqq.
1112 3854 1140 3925 2)
1165 3855 1316 3910 Heraclius.

195 3921 222 3992 3)
246 3924 388 3976 Arnoldus
410 3924 444 3975 de
466 3924 552 3975 Turri
574 3925 676 3979 Rubea.
765 3927 794 3991 4)
818 3926 952 3991 Repertus
968 3926 1000 3977 dc
1017 3925 1136 3980 Melicis.
1226 3925 1254 3995 ὁ)
1274 3926 1316 3991 Os.

194 4013 217 4050 o.
226 3994 332 4047 Simeon
344 3995 419 4062 apud
430 4010 453 4048 o,
465 3995 636 4062 Gioeclrrrcht
647 3997 819 4048 ‘Kaiscrzm't'
831 3997 880 4063 VI,
890 4013 920 4064 p.
931 3999 992 4053 625.
1051 3997 1078 4062 6)
1088 3997 1129 4062 Of.
1138 4013 1224 4064 morra
1232 4014 1263 4065 p.
1272 3999 1317 4063 35,

193 4068 211 4119 l.
231 4068 273 4121 13.
347 4066 374 4135 7)
395 4066 437 4129 Cf.
456 4083 480 4120 o.
497 4066 603 4118 simron
621 4069 696 4133 apud
713 4084 736 4121 o,
756 4067 928 4135 Gr'ecebroeht
948 4068 1122 4120 ‘Karmara’
1140 4067 1188 4134 VJ,
1207 4087 1235 4136 p.
1256 4070 1316 4124 608.

146 4154 174 4192 ro
193 4144 217 4189 rt
242 4136 465 4203 Holdrr-Epw
490 4141 520 4189 ir
544 4136 578 4191 N.
603 4139 704 4190 Archiv
728 4138 821 4203 XXV,
843 4155 874 4205 ρ.
894 4141 998 4205 10089.
1087 4138 1116 4207 8)
1141 4139 1176 4190 In
1201 4139 1318 4192 Oronico

194 4209 222 4263 S.
235 4208 310 4261 Petri
321 4208 436 4273 Erford.
456 4210 584 4261 moderna
602 4209 653 4274 (od.
666 4209 886 4276 Holder-Epyer
901 4228 928 4277 p.
944 4212 1008 4271 193)
1022 4217 1134 4277 praeter
1144 4210 1318 4262 Fm'derr'sum

193 4282 386 4332 ammirantur:
416 4276 565 4332 Heinricus
592 4295 682 4333 comes
711 4278 862 4349 Thuringie
892 4282 934 4350 (id
960 4287 1013 4334 est:
1039 4283 1071 4333 do
1098 4280 1317 4348 Schwarzbury),

194 4349 345 4403 Gozmarus
372 4365 465 4404 comes
489 4348 588 4403 Hassis
616 4352 660 4415 (id
683 4357 737 4403 eat:
764 4352 795 4404 dc
819 4352 1015 4418 lapsuram),
1042 4349 1199 4405 hidericus
1226 4367 1317 4404 comes

194 4419 227 4473 de
253 4420 415 4487 Kirchberc,
440 4419 598 4474 Burcardus
623 4420 658 4474 de
676 4420 834 4491 Wartberg.
878 4423 1002 4476 Comitem
1027 4421 1062 4476 de
1085 4422 1183 4491 Bogen
1203 4423 1318 4475 Grorricc

147 4508 174 4546 45
193 4492 512 4547 universaliasaamica
537 4494 680 4545 omnacula
705 4494 798 4559 linqua
822 4496 925 4562 scripta
950 4496 1002 4562 (cd.
1025 4495 1158 4560 Wer'land,
1179 4492 1318 4545 ‘Demaclu

193 4562 356 4615 OEcronikm'
374 4564 414 4628 II,
434 4581 464 4631 p.
482 4568 549 4625 233)
568 4571 758 4619 conmemorat,
831 4564 859 4634 9)
878 4565 918 4618 Dc
936 4566 1110 4630 Helsmctm'n.
