3284 5150
311 446 346 500 56
626 442 806 498 ANNALES
825 441 1116 499 Msnsshcnnsm.

223 640 303 696 1185.
312 625 590 709 archiepiscopus
608 623 908 703 Mediolanensis13
925 625 986 709 qui
1001 626 1141 710 postea²
1155 644 1296 708 gravem
1312 627 1437 688 eontra

224 714 495 798 1186.imperium
525 713 633 778 movit
663 714 871 780 sedicionem
902 717 937 778 et
966 715 1141 798 quendam
1167 714 1366 778 Folmarum
1396 712 1437 775 in

203 802 668 887 (aar).archiepiscopatum*
695 802 937 868 Theverensem
972 806 1094 868 eontra
1122 803 1340 868 voluntatem
1374 800 1436 863 im·

313 892 481 977 peratoris
506 890 718 956 consecravit
742 895 777 956 et
803 892 980 976 episcopos
1010 891 1164 974 aliosque
1195 891 1367 975 principes
1398 893 1437 954 et

313 1001 431 1046 omnes
454 980 700 1063 Longobardos
724 981 768 1044 ad
796 981 1070 1046 coniurationem
1100 983 1223 1046 contra
1250 978 1473 1063 imperiumn

313 1069 473 1134 incitavit
483 1069 505 1130 ³.

225 1160 304 1217 1185.
420 1157 552 1223 Eodem
587 1178 677 1222 anno
711 1178 772 1222 rex
804 1159 842 1221 in
871 1152 1026 1222 Ytaliam
1061 1158 1106 1221 ad
1135 1161 1270 1241 patrem
1304 1156 1435 1240 proiec-

313 1251 371 1311 tus
399 1250 452 1311 est
460 1246 484 1307 ⁴.

421 1335 503 1419 Ipso
539 1355 629 1399 anno
663 1338 764 1398 tanta
796 1331 1051 1400 *habundantia
1080 1335 1153 1399 vini
1181 1335 1268 1410 fuit,
1305 1337 1437 1417 quanta
1458 1351 1497 1402 ⁸1».
1508 1353 1561 1393 raa.

315 1424 410 1508 prius
432 1423 540 1488 inisse
563 1423 680 1487 nullus
704 1424 777 1488 eins
800 1425 965 1509 temporis
989 1424 1167 1488 hominum
1192 1424 1288 1488 vidit.
1457 1449 1488 1489 ro

227 1515 304 1570 1186.
422 1513 553 1577 Eodem
579 1511 692 1576 anno⁵
714 1533 773 1578 rex
795 1515 895 1597 apud
919 1512 1156 1577 Mediolanum
1186 1513 1326 1596 nuptias
1357 1532 1435 1576 cum

193 1620 441 1683 (caramagna
468 1601 579 1684 gloria
610 1601 814 1680 celebravit;
847 1606 882 1666 et
912 1602 1110 1686 imperator,
1136 1601 1434 1678 Cremonensibus,

316 1691 375 1773 qui
399 1692 540 1774 propter
555 1690 848 1755 reedificationem
864 1689 985 1755 Oreine
1000 1690 1263 1767 rebellaverant,
1281 1690 1326 1753 ad
1345 1689 1436 1754 dedi·
1536 1687 1540 1692 ’

317 1780 451 1843 cionem
475 1779 602 1843 coactis
613 1778 684 1854 ⁶„et
706 1777 744 1842 in
768 1780 841 1844 eius
872 1780 988 1864 grecia
1019 1782 1054 1844 et
1084 1799 1168 1862 pace
1200 1779 1295 1842 omni
1317 1777 1441 1842 Ytalia

229 1887 308 1936 (Aua)
317 1866 466 1944 dimissa,
490 1866 534 1930 ad
558 1869 674 1950 partes
697 1866 926 1932 Thetonicas⁸
949 1867 1147 1932 remearitl.
1204 1857 1308 1958 W)
1459 1884 1488 1924 ¹⁶

228 1957 306 2014 1185.
423 1955 554 2020 Eodem
597 1976 689 2019 anno
726 1956 866 2039 quidam
914 1958 1162 2022 astronomicus
1200 1899 1434 2020 'lholetanusl'

317 2043 455 2109 nomine
493 2044 690 2110 Iohannes8
736 2046 831 2110 misit
874 2046 1009 2111 litteras
1055 2067 1115 2130 per
1160 2066 1279 2110 omnes
1317 2043 1440 2108 mnndi

318 2135 443 2218 partes,
478 2153 631 2198 asserens
661 2135 815 2218 proximo
847 2135 1006 2218 sequenti
1035 2155 1126 2199 anno
1161 2135 1252 2199 circa
1286 2153 1438 2198 mensem

318 2221 556 2306 Septembrem
579 2243 697 2287 omnes
721 2223 880 2307 planetas
904 2225 1029 2290 debere
1053 2224 1235 2288 convenire
1265 2223 1302 2286 in
1329 2243 1437 2285 unum

319 2311 549 2388 domicilium,
602 2315 638 2376 et
683 2315 826 2376 ventum
871 2314 931 2395 qui
976 2332 1077 2378 omne
1127 2332 1213 2395 pene
1264 2311 1438 2376 edificium
1456 2331 1486 2370 ro

319 2401 557 2464 destructurus
612 2404 702 2466 esset
752 2405 956 2479 venturum,
1010 2405 1047 2466 et
1100 2400 1351 2465 mortalitatem
1403 2403 1440 2463 et

317 2488 446 2550 famem
485 2491 520 2552 et
559 2488 670 2552 multa
708 2488 778 2552 alia
814 2489 1033 2555 incommoda
1070 2489 1191 2554 futura
1236 2492 1272 2554 et
1318 2488 1440 2552 mundi

319 2576 423 2639 finem
462 2579 498 2642 et
536 2578 723 2641 adventum
761 2579 970 2643 Antichristi
1012 2581 1161 2654 instare,
1208 2583 1245 2644 et
1290 2579 1328 2642 in
1372 2577 1439 2642 hoc

319 2685 436 2729 omnes
482 2667 729 2731 astronomicos
768 2667 921 2751 aliosque
967 2668 1201 2752 phylosophos
1240 2672 1276 2732 et
1322 2686 1440 2751 magos

319 2757 392 2817 tam
423 2752 699 2819 Christianorum
733 2777 836 2839 quam
867 2758 1050 2841 gentilium
1081 2760 1117 2821 et
1146 2757 1334 2821 Iudeorum
1364 2776 1441 2819 con·
1458 2774 1486 2815 rc

321 2842 472 2907 eordare.
519 2842 620 2909 Unde
644 2845 811 2909 maximus
835 2846 940 2911 timor
963 2846 1090 2910 multos
1113 2845 1250 2922 invasit,
1275 2845 1325 2908 ita
1348 2844 1440 2927 quod

320 2932 460 3014 quidam
484 2932 551 2997 sibi
573 2933 733 2999 iecerunt
755 2935 998 3001 subterraneas
1023 2936 1145 2999 domus
1169 2937 1205 2998 et
1228 2954 1290 3017 per
1313 2933 1440 2996 multas

321 3021 482 3087 ecclesias
505 3022 634 3089 ieiunia
657 3027 693 3089 et
716 3024 950 3108 processiones
974 3028 1010 3089 et
1032 3024 1161 3088 letanie
1185 3022 1324 3087 fiebant.
1373 3021 1441 3085 Sed

158 3134 178 3173 1.
188 3133 237 3173 cor.
248 3134 268 3182 a,
276 3134 310 3173 rc.
322 3114 361 3174 ut
384 3111 588 3195 probaretur
611 3114 782 3197 sapientia
806 3114 910 3177 huius
934 3113 1055 3176 mundi
1078 3112 1235 3176 stulticia
1258 3132 1331 3175 esse
1348 3111 1439 3194 apud

232 3206 310 3261 1186.
322 3199 444 3277 Deum,
469 3202 625 3283 predicto
649 3205 804 3285 tempore
828 3221 954 3285 magna
977 3202 1064 3266 aeris
1088 3202 1256 3265 serenitas
1286 3204 1321 3264 et
1351 3203 1442 3263 tran·
1459 3218 1485 3258 ro

321 3287 476 3369 quillitas
499 3289 578 3366 fuit,
604 3292 640 3353 et
662 3290 771 3353 nichil
788 3311 906 3355 eorum
924 3312 1012 3374 quae
1027 3290 1184 3375 predicta
1200 3292 1299 3354 erant
1316 3288 1440 3353 evenit.

233 3382 310 3437 1185.
428 3376 510 3461 Ipso
552 3398 642 3441 anno
688 3382 840 3442 castrum
879 3380 1043 3445 Brisache
1089 3400 1111 3443 a
1155 3399 1237 3461 rege
1276 3376 1441 3441 Heinrico

320 3464 514 3529 iniciatur9.

321 3658 343 3706 a)
363 3658 396 3695 tta
415 3668 433 3696 c.
515 3657 537 3706 b)
561 3657 620 3697 Nota
641 3654 669 3695 de
691 3658 791 3698 Iohanne
812 3660 924 3706 astrologo
945 3660 968 3696 in
988 3659 1087 3706 marpine
1108 3668 1187 3697 coam
1207 3667 1274 3695 mana
1293 3665 1349 3694 saec.
1371 3654 1442 3694 xm.

321 3710 426 3752 aetdttum¹
1121 3740 1127 3751 .
1460 3708 1485 3749 ib

324 3852 351 3920 1)
369 3852 508 3906 Heracus
525 3855 639 3908 omnine.
727 3856 755 3921 2)
771 3856 851 3907 Anno
871 3854 948 3910 1186.
1038 3854 1067 3919 3)
1093 3853 1133 3917 Of.
1153 3849 1443 3916 Schcffcr-Boichcrat,

323 3923 488 3976 ‘Fraternas
507 3925 530 3979 I.
555 3924 646 3977 letcter
663 3926 746 3979 Streit
770 3928 818 3977 mit
843 3927 892 3978 dar
909 3924 1007 3976 Kurra
1022 3940 1051 3989 p.
1064 3925 1100 3979 89
1112 3939 1169 3990 app,
1241 3924 1270 3989 4)
1298 3921 1444 3973 Harpina

323 3997 487 4047 nativitatem
499 3997 611 4049 Domini
622 3998 692 4049 anni
704 3999 781 4053 1185.
793 3997 897 4063 Papiae
909 4011 967 4047 aim
977 4001 1057 4063 patre
1069 3994 1216 4048 alebracit.
1280 3994 1307 4059 5)
1326 3992 1443 4059 Nuptiae

321 4068 365 4117 aa
389 4068 431 4121 27.
450 4066 583 4119 Ianuarii
604 4084 676 4122 anno
696 4070 772 4123 1186.
794 4069 939 4121 celebratae
963 4072 1033 4121 aiat.
1107 4065 1137 4134 6)
1156 4066 1208 4117 Dic
1226 4067 1252 4120 8.
1271 4064 1348 4149 lanii
1368 4063 1443 4145 llssd.

319 4143 554 4263 ltat‘ttt
575 4137 1207 4277 pm,⁷)Rpcpppappp5l
1231 4135 1446 4269 smmi
1459 4143 1485 4182 ⁴⁰

320 4284 398 4332 acute
410 4282 462 4346 epit
478 4281 606 4347 Graaert,
620 4279 868 4347 ‘sstzunpsbmrhte
879 4280 926 4332 der
935 4280 1100 4333 Msaamer
1109 4278 1264 4343 Ararene,
1277 4275 1445 4331 Parc-Hac.

321 4350 433 4405 Klasse’
449 4353 517 4408 1901
534 4371 562 4420 p.
582 4355 633 4407 173
645 4368 699 4418 sqq.
719 4354 770 4407 187
783 4367 837 4419 sqq.
869 4350 911 4416 (is.
925 4353 1003 4415 infra
1014 4370 1042 4419 p.
1055 4354 1099 4407 93.
1114 4351 1151 4401 ad
1165 4365 1190 4403 a.
1206 4349 1284 4403 1229.
1357 4348 1385 4414 9)
1403 4346 1445 4410 Os.

324 4423 424 4489 Hcpcla
443 4423 604 4475 ‘Geechicbte
621 4423 669 4474 der
686 4420 806 4488 Herzope
824 4437 875 4475 cca
893 4420 1060 4487 Zabrinpcn’
1079 4438 1106 4487 p.
1118 4422 1173 4476 414
1183 4436 1221 4487 eq.
