3284 5150
343 534 379 590 18
655 528 841 590 ANNALES
859 527 1149 586 mnssnounsns,

198 721 333 772 ‚nanae
344 708 454 764 eusdem
472 712 564 778 partes
582 707 790 776 subdividendo,
815 707 851 760 de
869 706 975 761 duabus
992 707 1117 776 pertibus
1134 706 1191 760 XX
1210 709 1238 761 et
1255 723 1340 760 unam
1356 709 1474 776 partem

345 779 420 846 feeit,
437 779 553 833 terciam
571 777 707 849 integrum
724 779 882 834 reservavit.
919 778 1043 832 Duarum
1068 778 1189 847 partium
1207 777 1236 831 iu
1253 777 1311 832 XX
1329 782 1357 831 et
1381 795 1473 831 unam

344 854 453 921 purtem
479 850 554 903 fecte
578 849 674 904 divisio
699 849 749 903 tali
773 850 881 903 ratione
905 849 1062 917 consutile,
1087 853 1127 915 ul,
1154 848 1220 917 quia
1246 848 1276 902 in
1293 865 1380 920 regno
1408 849 1473 903 eius

345 922 556 990 metropolitane
569 920 824 995 ecclesianX
836 924 931 974 etune
949 937 1006 974 esse
1024 920 1268 988 noscebantur,
1287 935 1472 989 unaquaeque

346 993 456 1046 illarum
474 993 595 1062 partium
613 992 649 1046 sd
666 1008 890 1061 unamquamque
907 992 1086 1062 metropolim
1103 1008 1268 1060 parmenus
1286 990 1420 1044 heredum
1437 994 1473 1045 et
1494 1007 1510 1045 5

346 1064 498 1117 amicorum
516 1063 664 1118 elemosine
682 1065 793 1118 nomine
811 1063 1011 1132 perveniret,
1037 1066 1065 1116 et
1082 1062 1312 1131 archiepiscopus,
1335 1062 1382 1130 qui
1399 1065 1472 1116 tunc

345 1135 477 1203 temporis
487 1135 559 1188 illius
569 1135 699 1207 ecclesiae
707 1135 921 1204 metropolitane
929 1138 1022 1188 rector
1030 1133 1132 1200 fuisset,
1145 1137 1253 1202 partem
1264 1150 1335 1202 quae
1344 1132 1380 1186 ud
1388 1150 1471 1186 suam

347 1205 489 1280 ecclesiam
508 1205 573 1259 data
591 1209 688 1260 esset
705 1205 863 1274 suscipiens,
881 1223 945 1260 cum
963 1203 1061 1275 [suisb]
1080 1204 1257 1275 suffregsneis
1274 1204 1470 1274 partiretur,

347 1295 381 1332 eo
399 1277 503 1332 scilicet
521 1276 604 1330 modo
622 1280 654 1330 ut
672 1277 758 1331 tercie
775 1294 840 1347 pars
857 1294 906 1331 sue
924 1280 1031 1331 esset
1048 1276 1187 1345 ecclesiae,
1213 1275 1267 1330 due
1290 1292 1356 1330 vero
1374 1281 1472 1345 partes

22 1385 54 1400 A
66 1386 132 1400 -.„.
205 1348 418 1408 u.111,15.inter
430 1347 616 1417 suffraganeos
629 1346 912 1416 [divilderenturb.
943 1346 1099 1417 Quarum
1114 1347 1465 1416 metropolitanerum⁰
1495 1362 1525 1400 ro

271 1418 459 1473 usnanomine
486 1418 537 1472 heo
565 1419 660 1472 sunt¹:
691 1418 790 1489 Roma,
817 1418 959 1486 Ravenna,
987 1418 1185 1485 Mediolanum,
1212 1416 1470 1487 Aquilegiad‚

216 1485 269 1532 ¹¹⁶⁹·
277 1483 336 1522 Kar.
347 1489 464 1558 Gradus,
485 1488 959 1560 (lolonie,Msg1mtia,Salsburcb,
982 1489 1162 1560 Rotomagus,
1182 1488 1317 1558 Treveris,
1342 1487 1470 1556 Senonis,

234 1537 283 1586 111,
291 1535 324 1580 ¹⁶¹
346 1559 519 1630 Bysuntium,
546 1560 724 1631 Lugdunum,
752 1561 855 1628 Remis,
883 1560 990 1629 Areles,
1011 1561 1129 1629 Vienna,
1156 1560 1352 1627 bannense,
1379 1559 1471 1614 Ebro-

346 1632 462 1700 dunum,
488 1631 653 1701 Burdegela,
679 1632 805 1700 Turonis,
834 1631 985 1700 Byturicas.
1030 1632 1143 1686 Duabus
1166 1631 1254 1702 igitur
1279 1631 1405 1701 pertibus
1429 1630 1470 1684 sic

346 1703 498 1757 distributis
516 1706 546 1757 et
563 1703 613 1756 sub
632 1703 723 1772 sygilli
741 1703 909 1772 inpressione
927 1703 1082 1770 reconditis,
1100 1704 1197 1770 voluit,
1219 1706 1251 1756 ut
1274 1702 1361 1756 tercia
1385 1719 1470 1771 pars
1494 1716 1523 1755 15

345 1774 375 1828 in
399 1791 450 1828 usu
476 1773 626 1827 cottidiano
651 1778 812 1844 versaretur,
838 1791 1051 1842 quemquam
1076 1774 1112 1826 in
1139 1773 1216 1829 fine
1242 1774 1317 1828 vite
1344 1791 1405 1828 sue
1433 1774 1471 1826 in

347 1843 528 1900 eiusmodi
546 1861 634 1912 opus
652 1862 811 1913 expensa
829 1845 953 1902 fuerit.
988 1844 1049 1899 Heo
1067 1845 1160 1899 omnia
1177 1849 1213 1899 et
1230 1845 1344 1899 multo
1362 1845 1470 1915 plura

347 1914 631 1969 elemosinarum
655 1915 820 1985 insignis
838 1933 945 1969 summu
970 1933 1035 1971 cum
1060 1915 1207 1971 devotione
1224 1911 1397 1984 deevricue,
1422 1916 1470 1984 qui

346 1985 440 2040 divine
457 1985 574 2040 iussione
592 1987 728 2056 successit,
746 2004 832 2055 quam
850 1987 992 2042 celerrime
1015 1988 1108 2056 potuit
1131 1991 1195 2057 post
1219 1987 1326 2041 obitum
1350 1987 1469 2057 patris

346 2056 498 2126 adimplere
516 2057 628 2112 curavit.
1491 2073 1521 2111 20

206 2139 337 2189 5511515.
454 2126 589 2181 Omnibus
620 2128 745 2197 itaque
769 2128 931 2183 Karolus
960 2130 989 2182 in
1013 2147 1088 2199 pace
1114 2134 1148 2184 et
1171 2129 1370 2199 tranquillitate
1395 2146 1469 2183 com·

346 2198 456 2281 positis,
485 2203 615 2253 coronato
642 2199 714 2282 filio.
727 2217 776 2253 suo
803 2200 951 2254 Ludevvico
983 2204 1011 2254 et
1041 2200 1185 2255 commisso
1216 2201 1242 2255 ei
1265 2199 1361 2283 'tocius
1389 2199 1469 2270 regni

347 2275 479 2395 listis,
489 2287 552 2394 ‘ll
550 2287 598 2394 13²²
597 2272 745 2396 lustri?
748 2271 935 2396 stillet
948 2271 1272 2397 ililld’eflbissnl?
1273 2271 1469 2413 liniet:

348 2416 402 2465 est
420 2412 456 2468 V.
474 2411 538 2467 Kul.
557 2411 710 2477 Februarii,
736 2415 816 2466 etatis
834 2431 882 2467 sue
900 2431 972 2467 anno
991 2413 1113 2482 LXXII,
1139 2415 1218 2484 regni
1236 2418 1329 2468 autem
1346 2413 1469 2468 XLVII.
1490 2428 1518 2466 as

347 2484 514 2550 subacthue
529 2483 624 2537 Ytalie
639 2483 750 2550 XLIII,
769 2501 804 2538 ex
822 2502 876 2552 quo
895 2485 933 2538 im
955 2488 1046 2537 erutor
1063 2488 1092 2538 et
1109 2488 1240 2554 augustus
1258 2485 1411 2554 appellatus
1428 2489 1471 2538 est

347 2552 448 2622 XIIII,
467 2554 603 2608 incarnati
620 2555 697 2609 verbi
710 2554 775 2609 Dei
793 2572 865 2609 anno
877 2502 1073 2626 Dcdcxlffl,
1089 2561 1123 2610 et
1142 2556 1177 2611 in
1195 2556 1357 2626 ecclesia
1368 2556 1469 2626 Aquis·

272 2636 337 2675 Bes.
348 2625 446 2695 grani²
464 2624 613 2679 honorifice
632 2626 754 2694 sepultus
773 2627 943 2695 quiescit.

454 2695 664 2750 Decedente
699 2696 838 2751 Karolo
875 2698 1007 2767 Magno
1046 2699 1272 2767 imperatore
1308 2699 1470 2754 Ludevvicus

244 2771 532 2836 Tamancognomento
561 2766 645 2820 Pius³
675 2768 781 2838 regni
810 2770 1065 2838 gubernacula
1095 2770 1267 2839 suscepit.
1316 2769 1404 2825 Hic⁴
1434 2770 1518 2825 ineo

348 2838 544 2892 iuventute
570 2838 716 2907 accepit
740 2856 888 2893 uxorem
915 2840 1000 2893 filium
1025 2840 1188 2895 nobilissimi
1215 2841 1292 2895 ducis
1316 2841 1470 2912 Ingrammi

348 2908 493 2963 nomine
517 2908 733 2979 Irmingardem
760 2914 852 2965 etex
876 2928 910 2965 ea
933 2915 990 2964 tres
1013 2911 1085 2965 filios
1112 2912 1218 2981 babuit,
1245 2913 1334 2967 edhuo
1360 2914 1469 2967 vivente

349 2983 436 3048 putre,
464 2980 647 3049 Lotbarium,
673 2980 837 3049 Pippinum
863 2986 897 3036 et
923 2981 1130 3052 deewicum3
1157 2987 1326 3052 quartum
1352 2984 1469 3037 Karo-

350 3051 421 3104 lum
439 3051 583 3105 nomine
600 3055 683 3120 post
701 3057 854 3106 mortem
871 3053 991 3122 putris
1009 3055 1163 3124 genuit⁵.

273 3133 339 3172 sen.
456 3122 540 3176 Anno
568 3122 679 3176 Domini
705 3122 903 3179 DOCOXVIf
935 3124 1030 3179 Leone
1056 3126 1130 3195 pape
1156 3125 1287 3181 defuncto
1315 3125 1470 3195 Stephanus
1487 3141 1515 3179 55

350 3192 421 3246 sedit
443 3195 583 3248 mensibus
601 3194 670 3250 VII.
710 3193 765 3264 Qui
784 3195 819 3248 ad
837 3194 1017 3250 deewicum
1034 3213 1130 3267 regem
1148 3197 1177 3249 in
1194 3196 1340 3251 maneum
1359 3198 1470 3251 veniens

349 3263 445 3318 Remis
470 3282 533 3318 eum
558 3266 594 3318 in
618 3266 814 3334 imperatorem
840 3267 991 3336 coronavit,
1015 3266 1115 3321 deinde
1133 3266 1252 3322 Romam
1279 3267 1369 3322 rediit.
1414 3267 1469 3321 Im·

349 3338 462 3403 perator
485 3336 589 3404 synodo
615 3336 753 3391 collecto&
774 3337 863 3390 multu
884 3337 919 3391 dc
939 3341 1013 3392 stetu
1031 3339 1274 3414 pcclesiarum
1292 3343 1321 3393 et
1339 3339 1469 3409 religiono

348 3406 528 3459 cenobiorum
546 3406 617 3460 bene
637 3406 778 3475 disposuit.

219 3487 278 3527 Rern
290 3487 338 3527 821.
455 3477 539 3530 Anno
557 3477 670 3531 Domini
681 3476 872 3534 DGOOXXII.
899 3477 1062 3533 Ludevvious
1074 3481 1224 3549 imperator
1236 3480 1318 3535 exilis
1329 3482 1468 3551 relaxavit,
1486 3496 1513 3535 lo

253 3547 561 3602 sensumsensurn
575 3548 678 3601 dimisit
696 3552 732 3619 et,
751 3548 786 3603 de
803 3550 921 3618 publicis
939 3551 995 3605 suis
1013 3551 1174 3622 [peccatish]
1193 3552 1332 3621 publicam
1347 3553 1469 3622 peniten-

347 3619 417 3672 tiam
448 3635 545 3689 egens,
577 3636 684 3687 queque
713 3620 743 3673 in
771 3638 859 3691 regno
889 3639 938 3675 suo
969 3622 1132 3692 corrigenda
1162 3623 1296 3693 correxit3
1327 3628 1362 3678 et
1392 3622 1468 3676 filii

348 3688 497 3743 Lotberius
523 3691 552 3743 in
579 3690 717 3758 Ytaliam,
746 3690 880 3761 Pippinus
908 3692 990 3746 ductu
1017 3710 1103 3749 uxore
1129 3694 1158 3748 in
1185 3694 1365 3763 Aquitaniam
1391 3711 1468 3765 reges

348 3760 513 3817 missisunt.

454 3830 635 3900 Sequenti
660 3850 751 3888 anno
770 3833 919 3888 Lothurius
940 3851 992 3888 rex
1009 3834 1104 3890 Ytulie
1121 3840 1237 3906 rogante
1255 3854 1328 3905 pape
1345 3835 1468 3891 Psschuli
1484 3851 1509 3890 45

347 3902 497 3971 imperator
514 3904 549 3957 ab
567 3921 600 3958 eo
618 3903 708 3959 Rome
726 3910 881 3962 coronatur.

349 4063 370 4114 a)
390 4063 506 4102 constituit
519 4074 536 4105 5.
618 4065 641 4116 b)
660 4066 744 4105 luterus
757 4067 838 4105 deletae
851 4076 878 4104 55
891 4067 992 4114 Lependo
1005 4068 1076 4117 suppl.
1159 4069 1181 4116 c)
1198 4069 1423 4119 metropolitanorum
1436 4079 1453 4108 5.
1459 4080 1468 4115 ,·

348 4117 536 4220 ῧεὲτοῗξῖξῖωω
550 4118 678 4222 mewa
704 4120 726 4169 d)
741 4120 826 4159 Forum
839 4119 893 4158 Iulli
906 4120 1014 4168 mendo.
1060 4121 1082 4170 e)
1097 4119 1217 4161 Orantasla
1230 4132 1249 4165 5.
1288 4121 1437 4174 ἢΒΟΟΧἮ.
1448 4132 1466 4161 5.

351 4292 377 4363 1)
395 4292 447 4347 heo
465 4297 528 4347 sunt
545 4296 581 4359 of.
600 4294 684 4349 uina.
701 4294 792 4347 Vitam
810 4295 913 4348 Korols'
929 4310 949 4350 5.
963 4298 1006 4352 33.
1073 4296 1101 4367 2)
1120 4297 1290 4367 Aquisgreni
1303 4328 1334 4338 -
1349 4298 1467 4367 sepultus
1483 4313 1508 4353 uo

349 4381 383 4419 eu
408 4366 540 4419 Bernoldo
565 4367 602 4417 od
627 4382 652 4420 5.
671 4368 734 4421 814.
813 4366 842 4433 3)
868 4366 911 4432 Of.
929 4368 1033 4421 ibidem.
1108 4370 1137 4436 4)
1164 4366 1220 4421 Hic
1237 4400 1274 4410 -
1291 4368 1467 4426 deevvioum

349 4438 380 4502 (l.
393 4439 441 4496 33)
459 4453 492 4490 ear
508 4438 632 4502 mpori
645 4436 707 4488 Vita
723 4436 878 4489 Hludosos'ei
894 4441 946 4493 e.4
963 4440 1025 4504 (SS.
1042 4440 1081 4505 II,
1095 4456 1126 4506 1).
1139 4442 1213 4501 591).
1280 4442 1308 4506 ὃ)
1326 4442 1468 4495 &ronuta

351 4507 485 4561 Kurolum
503 4524 536 4559 ec·
554 4507 675 4574 Iuditho,
696 4510 785 4561 altera
802 4507 946 4562 Hludooa’co‘
963 4526 1057 4578 uxore,
1076 4515 1171 4563 notum
1188 4527 1244 4563 esse
1260 4513 1421 4569 conmutat.
