3284 5150
511 532 693 589 ANNALES
711 532 1003 592 MARBAOENSES.
1283 539 1321 595 35

195 713 264 767 riori
275 712 379 782 Ytalia,
397 729 467 782 quae
480 711 563 766 modo
576 710 680 781 Apulia
691 727 739 765 seu
752 710 880 765 Calabria
893 711 1002 782 dicitur,
1014 711 1127 766 tandem
1139 711 1316 782 ex[cipitur⁸.
1327 725 1465 768 emm

197 783 287 854 Quam
305 784 371 839 dum
390 786 414 852 a]
431 783 493 837 Lon
514 782 623 838 obardis
641 799 791 852 possessam
810 782 905 836 inertis
923 783 1010 851 plebis
1028 782 1229 838 inhabitatione
1246 787 1317 838 tam-

196 873 279 924 quam
303 854 437 910 industrie
462 801 660 924 deienpionis·
681 869 796 908 vacuam
821 853 975 923 in]veniret,
999 854 1117 908 remissis
1142 855 1170 908 in
1196 853 1317 909 Gallim

196 926 302 980 nunciis
321 925 497 994 expositaque
509 926 633 979 locorum
645 924 794 979 idoneitate
806 941 839 979 ac
856 926 979 994 gen[tis⁸
994 925 1101 993 inertia,
1120 925 1167 1050 adj
1176 942 1317 1009 expugna-

164 1015 178 1056 ι
196 997 300 1052 tionem
313 1014 408 1051 earam
420 996 624 1066 provinciarum
636 995 775 1049 consocios
787 995 923 1052 invitavit.
950 995 987 1050 Et
998 1013 1034 1050 ne
1046 995 1140 1050 multis
1168 997 1317 1068 e[trnear⁸,

195 1068 318 1138 virtute],
346 1068 419 1135 dolo,
447 1071 506 1122 arte
535 1067 628 1137 ignavi
658 1066 755 1136 populi
772 1066 863 1120 victor
881 1067 1008 1134 existens,
1027 1066 1185 1136 (lamponio,
1204 1067 1316 1138 Apulie,

197 1138 331 1207 Calabria,
349 1137 451 1208 Sycilie
469 1138 534 1208 lad·
549 1139 677 1191 ultimum
695 1154 833 1207 possessor
850 1137 989 1207 inven]tus
1008 1142 1056 1193 est.
1086 1137 1211 1207 Reliquit
1222 1142 1316 1194 autem

196 1209 318 1280 Rogerio
337 1209 416 1263 fratri
434 1227 468 1264 ex
485 1213 564 1279 parte
581 1210 624 1263 sui
642 1209 804 1263 comitatum
822 1208 923 1278 Sycilie
944 1209 1138 1280 tenen[dnm⁸,
1166 1209 1225 1279 ipse
1248 1227 1316 1265 vero

196 1281 327 1334 ducatum
344 1279 457 1352 Apulie]
477 1297 540 1334 cum
559 1279 685 1334 Calabria
702 1279 756 1334 sibi
773 1280 894 1335 retinuit.
931 1279 1023 1334 Huius
1046 1279 1127 1348 filius,
1155 1281 1202 1348 qui
1227 1283 1315 1335 multa

151 1371 178 1410 ro
194 1351 370 1421 postmodum
387 1356 445 1406 tam
463 1351 493 1405 in
511 1351 611 1406 Grecis
629 1368 712 1419 quam
740 1351 800 1420 [ina
821 1351 919 1405 ceteris
940 1350 1052 1405 orientis
1073 1350 1197 1420 partibus
1232 1351 1316 1406 fortia

195 1427 224 1477 et
250 1422 369 1492 gloriosa
396 1423 480 1492 gessit
506 1439 598 1492 opera,
626 1421 796 1476 Boimundus
824 1421 885 1478 fuit.
927 1421 1032 1476 Fratris
1052 1438 1118 1476 vero
1141 1423 1183 1476 sui
1266 1423 1316 1477 erii

203 1493 371 1565 Rogemusa,
384 1494 431 1562 qui
448 1493 625 1563 postmodum
642 1493 760 1563 re]gium
779 1509 881 1547 nomen
897 1493 1047 1561 usurpavit,
1059 1497 1141 1546 natas
1153 1497 1219 1550 erat.
1284 1495 1315 1549 ic

225 1565 359 1637 ogerius
389 1582 448 1619 rex
478 1564 595 1636 genuit
621 1564 811 1619 Wilhelmum
838 1562 984 1687 gregemb
1016 1568 1050 1618 et
1081 1564 1314 1620 Constantiam

194 1635 475 1706 imperatricem]‚
494 1636 581 1689 utin
599 1635 819 1703 sequentibus
862 1635 998 1690 icetur¹.

150 1725 176 1766 ra
299 1707 383 1761 Anno
400 1706 513 1761 Domini
531 1705 725 1762 MLXXXVI.
769 1705 943 1760 Catholici
964 1705 1101 1775 principes
1126 1705 1310 1774 [Strevorum⁸
1322 1723 1391 1762 m

194 1794 256 1832 cum
274 1777 430 1833 Saxonibus
456 1782 485 1832 et
509 1777 650 1846 Baioariis]
678 1778 807 1848 generale
834 1777 1002 1845 colloquium
1028 1793 1116 1847 prope
1133 1776 1315 1849 Wirzebarcg

193 1848 381 1904 condixerunt.
418 1847 513 1918 *Quod
535 1847 682 1902 Heinn'cus
707 1851 874 1918 congregata
898 1847 1074 1902 multitudine
1096 1848 1412 1912 scismaticornmtmao.

192 1920 305 1976 turbare
331 1919 426 1988 voluit,
455 1920 503 1974 sed
521 1919 618 1974 Suavis
645 1919 900 1988 supervenientibus
923 1919 1047 1973 resistere
1073 1936 1130 1972 non
1148 1920 1250 1988 valens,
1277 1918 1313 1974 ad

193 1995 301 2060 tempus
320 1991 358 2044 eis
376 1991 467 2045 locum
486 1990 570 2046 dedit.
600 1989 659 2058 Ipsi
677 1993 769 2044 autem
781 1989 938 2059 Erbipolim
956 1990 992 2044 ad
1010 1989 1173 2044 obsidendos
1191 1990 1314 2045 fautores

146 2080 175 2119 ao
193 2060 319 2114 Heinrici
343 2064 532 2128 processerunt
560 2065 587 2114 et
615 2060 751 2115 adiunctis
772 2060 928 2115 Saxonibus
955 2065 987 2114 et
1012 2060 1161 2114 Bawaris
1188 2062 1313 2115 urbem

193 2131 251 2200 sepi
278 2131 524 2186 circumdederunt.
567 2131 684 2185 Interim
710 2130 859 2185 Heinricus
886 2131 1036 2185 exercitum
1054 2130 1111 2184 XX
1131 2149 1202 2201 pene
1229 2133 1313 2185 milia

193 2203 266 2256 inter
285 2201 388 2270 equites
408 2206 435 2255 et
452 2201 559 2272 pedites
577 2202 755 2273 congregavit
781 2205 810 2256 et
838 2201 873 2255 ad
900 2201 1040 2256 civitatem
1068 2202 1238 2256 liberandam
1256 2203 1313 2256 iam

193 2273 312 2342 quinque
331 2271 488 2343 septimanis
507 2273 644 2327 obsessam
662 2273 750 2328 aciem
768 2272 877 2328 direxit.
913 2271 976 2342 Quo
1003 2272 1097 2326 audito
1122 2273 1313 2342 principes

194 2345 285 2398 soluta
315 2343 458 2398 obsidione
488 2344 599 2399 obviam
630 2344 656 2397 ei
686 2343 793 2398 duobus
823 2343 947 2396 miliariis
977 2348 1176 2413 processerunt.
1218 2343 1312 2399 Welfo

146 2435 173 2474 aa
191 2432 301 2485 quoque
320 2414 377 2468 dux
394 2413 557 2469 Bavvarie
575 2419 604 2468 et
621 2413 901 2487 Magedeburgensis0
922 2414 1141 2484 archiepiscopus
1163 2432 1226 2468 cum
1244 2417 1313 2469 suis

192 2484 380 2557 legionibus
409 2486 511 2540 relictis
542 2486 619 2555 cquis
648 2485 753 2556 pedites
783 2485 957 2542 incedebant.
1011 2484 1104 2555 Igitur
1137 2485 1166 2538 in
1200 2486 1312 2540 nomine

191 2557 302 2612 Domini
320 2558 459 2627 congressi
475 2556 667 2613 incredibilem
685 2561 806 2627 stragem
831 2557 952 2611 hostium
977 2556 1110 2624 fecerunt,
1137 2557 1177 2611 ita
1195 2556 1308 2612 utIX1l

191 2630 307 2683 nimium
329 2630 427 2700 [alteo]
449 2630 590 2700 congeries
615 2629 779 2684 cadaverum
803 2629 842 2683 ibi
867 2628 1035 2696 viderentur,
1059 2632 1153 2697 preter
1178 2630 1239 2684 illos
1264 2629 1312 2698 qui

191 2717 241 2769 per
267 2717 379 2769 campos
407 2705 435 2754 et
461 2701 542 2755 silvas
569 2699 719 2771 fugitantes
747 2700 941 2757 occubuerunt.
987 2698 1136 2754 Heinricus
1163 2704 1256 2754 autem
1282 2701 1312 2754 in

146 2770 282 2839 apprimo
308 2771 414 2840 impetu
442 2772 637 2841 congressionis
664 2770 835 2825 dissimulato
860 2771 957 2824 habitu
982 2771 1088 2839 primus
1113 2773 1185 2826 inter
1228 2772 1312 2825 rimos

191 2848 271 2911 terge
293 2846 403 2896 vertens
426 2859 511 2911 usque
538 2842 573 2895 ad
598 2841 727 2897 Rhenum
754 2843 819 2896 satis
846 2843 999 2896 accelerato
1025 2843 1158 2911 pervenit.
1231 2842 1313 2897 'deles

192 2915 301 2965 autem
325 2911 414 2965 sancti
437 2911 515 2966 Petri
541 2913 625 2982 longo
652 2913 751 2967 itinere
778 2929 843 2967 eum
871 2914 986 2967 insecuti
1013 2914 1113 2967 scrinia
1140 2930 1204 2967 cum
1230 2915 1312 2968 vesti·

193 2982 293 3035 mentis
309 2982 448 3052 regalibus
467 2987 499 3037 et
517 2983 639 3035 multas
658 2983 775 3051 capellas
794 2983 986 3051 episcoporum
999 2999 1062 3036 omn
1079 2983 1138 3036 aliis
1156 2984 1312 3039 innumera·

192 3052 293 3106 bilibus
313 3053 433 3122 spoliis
450 3056 667 3122 reportaverunt.
704 3052 875 3121 Quamvis
900 3057 1019 3106 autem
1037 3054 1152 3106 multa
1170 3054 1246 3107 milia
1264 3055 1311 3108 ad·

148 3142 174 3183 ct
193 3123 376 3178 versariorum
403 3123 591 3191 occubuerint,
620 3140 655 3177 ex
680 3127 760 3193 parte
786 3126 928 3177 tantum
955 3122 1079 3176 fidelium
1106 3123 1162 3179 XV
1187 3124 1312 3180 homines

192 3194 303 3248 mortui
328 3198 419 3250 sunt
467 3192 503 3248 In
530 3194 654 3249 crastino
686 3196 804 3248 autem
837 3192 873 3248 ad
900 3192 1070 3248 obsidionem
1102 3194 1178 3248 urbis
1210 3196 1313 3250 reversi

82 3266 458 3337 ⁸p.1tv.*absquesanguine
483 3282 544 3319 eam
569 3269 709 3335 cepemnt.
750 3264 823 3319 Dein
839 3263 1064 3336 wirzeburgensi
1088 3265 1225 3335 episcopo,
1251 3267 1312 3334 qui

192 3354 208 3390 a
225 3335 403 3391 Heinrico
422 3336 565 3391 eiectus
582 3336 860 3405 iuerat,restituto
873 3353 1049 3406 congruoque
1060 3336 1180 3390 militum
1191 3336 1311 3406 presidio

192 3407 298 3462 civitati
315 3407 455 3479 imposito,
474 3407 575 3479 singuli
592 3407 781 3477 principes
799 3424 863 3461 cum
881 3407 973 3461 leticia
991 3407 1021 3461 in
1039 3424 1087 3462 sua
1104 3407 1254 3469 redierunt,

147 3516 174 3557 ιο
297 3496 381 3551 Anno
411 3496 523 3551 Domini
553 3495 763 3553 MLXXXVII.
816 3490 952 3548 Sanctus
983 3490 1130 3548 Nicolaus
1161 3492 1311 3566 archiepi-

192 3596 306 3654 scopus
330 3596 349 3636 a
371 3580 471 3637 Miree
493 3580 527 3637 ἰι
549 3580 722 3637 Barensem
745 3579 907 3637 civitatem
930 3580 1105 3637 translatus
1129 3583 1189 3637 est.

297 3654 431 3711 Eodem
463 3672 554 3710 anno
581 3655 736 3711 Romani
763 3659 799 3709 et
826 3656 978 3709 cardinales
1006 3672 1068 3710 cum
1097 3657 1198 3711 auxilio
1226 3657 1311 3713 Nort·

191 3742 356 3779 mancorum
368 3726 524 3782 Victorem
541 3726 598 3795 III,
622 3728 683 3796 qui
708 3725 762 3780 etf
783 3726 962 3794 Desiderius,
986 3744 1087 3797 papam
1105 3727 1311 3785 ordinaverunt.

192 3794 247 3865 Qui
271 3797 365 3850 statim
389 3797 477 3852 missis
502 3798 752 3867 circumquaque
777 3797 876 3851 litteris
901 3798 1001 3851 inter
1028 3802 1153 3853 cetera
1177 3799 1311 3853 iudicium

146 3883 174 3923 ιι
193 3866 235 3921 sui
253 3868 430 3921 antecessoris
450 3867 577 3939 Gregorii
595 3885 677 3937 super
688 3867 854 3923 Heinricum
872 3872 900 3923 et
918 3885 1014 3923 omnes
1032 3869 1089 3922 eius
1107 3868 1228 3923 fautores
1246 3887 1311 3923 con·

192 3936 320 3995 firmavit.
358 3938 513 3993 Gwibertus
539 3956 706 4009 namque,
735 3939 899 4008 quamvis
924 3940 1170 4009 apostolicam
1189 3940 1310 4010 digni·

154 4024 157 4031 ¹
191 4012 305 4063 tatem
322 4008 475 4079 nequiverit
493 4010 625 4079 obtinere,
651 4010 720 4064 adeo
738 4014 831 4065 tamen
848 4027 899 4079 per
917 4027 1021 4080 organa
1038 4009 1142 4064 diaboli
1165 4011 1310 4080 prevaluit,

191 4084 223 4133 ut
258 4080 314 4133 iam
343 4079 455 4134 biennio
492 4080 569 4135 sedes
598 4081 748 4150 apostolica
777 4082 908 4156 pastorali
943 4081 1147 4152 gubernatore
1183 4083 1310 4140 caruerit.

191 4150 323 4221 Itaque
342 4150 441 4206 Victor
465 4168 537 4221 papa
561 4152 617 4205 iam
641 4152 766 4222 plurimis
788 4153 866 4205 annis
884 4151 1008 4207 infirmus
1026 4157 1055 4207 et
1071 4152 1102 4207 in
1119 4152 1217 4208 eadem
1235 4153 1311 4208 infir·

146 4295 174 4335 tt)
191 4296 214 4343 a)
227 4294 312 4334 litterae
325 4298 344 4333 et
357 4305 419 4334 occec
431 4295 511 4334 &laos
524 4304 551 4334 ae
564 4294 660 4344 sontibus
672 4295 744 4344 suppl.
798 4294 821 4346 b)
838 4295 933 4344 sperma
948 4296 1034 4335 circiter
1047 4296 1073 4336 li
1086 4296 1208 4337 lium
1221 4297 1312 4338 summ

190 4348 300 4392 desitum.
315 4348 374 4387 Nota
382 4348 512 4398 marginatis
519 4359 576 4388 saec.
587 4348 643 4388 XV.-
652 4346 786 4389 Coniuncta
794 4349 935 4398 imperatrix.
984 4351 1004 4398 c)
1014 4347 1222 4399 magdeburgensi·
1231 4351 1296 4390 Bm.
1302 4364 1311 4398 ,·

190 4398 394 4448 macedonenses.
450 4402 472 4452 d)
488 4402 570 4450 Bern.;
583 4402 615 4441 xl
628 4412 647 4442 c.
702 4400 723 4452 e)
736 4401 818 4449 Boram
831 4402 888 4441 &aaa
901 4413 919 4442 c.
974 4403 992 4455 l)
1006 4408 1029 4443 et
1042 4403 1081 4451 qui
1094 4414 1112 4443 c.

193 4507 219 4574 1)
238 4507 279 4573 Of.
297 4508 377 4572 infra
396 4509 433 4561 od
451 4525 554 4562 canum
574 4510 644 4566 1184
661 4509 703 4576 (p.
718 4510 774 4576 55).

1097 4614 1131 4671 3*
