3284 5150
494 541 676 597 ANNALES
695 539 985 599 MARBAOENSE'S.
1265 547 1301 601 49

180 721 323 794 provincia
352 724 408 787 cst,
439 735 455 772 a
485 735 539 787 qua
569 717 712 772 Ounradus
746 717 787 772 de
818 718 1051 790 [zeringena]
1082 720 1194 788 eiusque
1229 719 1448 775 filiusomarrsa.

181 810 347 868 Bartholdus
369 803 531 878 ipsiusque
554 801 637 858 filius
661 796 853 876 equivocus1
871 807 955 862 ducas
977 809 1069 863 vocari
1093 812 1300 864 oomueverunt.

182 883 242 954 Que
260 898 326 937 vero
345 883 435 936 inter
452 878 642 932 (lunradum
668 879 731 949 [ets
752 877 965 949 Reinaldum]
991 878 1197 949 disceptationis
1221 896 1303 936 causa

182 954 275 1023 fuerit,
299 951 393 1022 paucis
418 950 567 1004 absolvam.
611 948 674 1003 Mos
701 950 729 1003 in
754 949 810 1017 illa,
840 949 886 1018 qui
910 967 982 1019 pene
1006 951 1035 1004 in
1060 951 1187 1005 omnibus
1214 950 1303 1005 Gallie

151 1023 331 1095 aprovinciis
356 1021 536 1093 [servatureh
561 1021 705 1088 remansit,
731 1019 805 1088 quod
830 1038 939 1090 semper
963 1020 1064 1076 seniori
1087 1022 1167 1075 fratri
1192 1022 1303 1091 eiusque

183 1095 285 1164 liberis,
304 1111 351 1149 seu
368 1092 491 1146 maribus
509 1109 557 1146 seu
575 1090 692 1159 feminis,
704 1095 819 1160 paterne
838 1091 1040 1163 [hereditariae]
1053 1092 1135 1148 cedat
1147 1093 1303 1160 auctoritas,

184 1166 281 1222 ceteris
300 1165 335 1219 ad
353 1165 430 1217 illum
448 1167 589 1230 tamquam
608 1161 643 1215 ad
661 1162 804 1216 dominum
822 1163 1038 1232 respicientibus.
1069 1162 1113 1218 Ex
1125 1181 1179 1232 qua
1191 1180 1303 1218 cousue-

184 1238 279 1292 tudine
299 1235 433 1304 [factuma
452 1235 511 1304 est],
530 1236 561 1286 ut
572 1232 738 1286 Wilhelmus
757 1250 879 1301 comes,
897 1233 979 1287 haim
995 1233 1153 1288 Reinaldi
1172 1238 1304 1304 exparte

184 1308 270 1378 patris
282 1306 508 1376 consanguineus,
517 1303 637 1358 cunradi
649 1321 716 1358 vero
725 1304 802 1358 ducis
814 1304 915 1359 sororis
924 1303 1046 1376 [filius⁸],
1054 1322 1147 1359 rerum
1157 1322 1304 1373 summam,

140 1397 167 1436 ιο
185 1380 252 1433 dum
271 1377 417 1445 adviveret,
436 1376 483 1430 illa
501 1376 529 1430 in
548 1375 691 1444 provincia
712 1375 833 1431 haberet.
878 1375 939 1446 Quo
964 1376 1061 1430 fraude
1086 1393 1197 1430 suorum
1221 1378 1304 1431 rebus

184 1450 310 1504 humanis
329 1451 465 1516 exempto,
484 1445 621 1502 Reinaldo
639 1445 733 1500 comiti
752 1445 906 1500 dominium
925 1447 1013 1504 cessit.
1057 1447 1161 1502 Actum
1186 1453 1228 1502 est
1251 1447 1305 1502 hoc

185 1521 235 1576 sub
253 1519 386 1574 Heinrico
398 1517 434 1575 V.
454 1534 502 1572 seu
525 1518 583 1571 sub
602 1516 734 1571 Lethario
752 1516 791 1572 H.
826 1517 932 1572 Verum
954 1517 1093 1587 predictus
1112 1535 1204 1573 comes
1224 1519 1305 1572 nimis

184 1592 291 1646 iusticie
309 1607 358 1644 sue
382 1587 499 1644 confisus
524 1619 558 1629 -
585 1593 644 1642 erat
669 1588 742 1643 enim
766 1589 850 1642 homo
875 1589 946 1643 lenis
971 1593 999 1642 et
1023 1605 1058 1643 ex
1082 1590 1167 1644 nimis
1191 1590 1305 1645 lenitate

184 1663 364 1718 remissus-
384 1659 623 1728 curiasprincipis
647 1659 723 1715 adire
747 1659 878 1729 neglexit.
920 1659 966 1714 llx
991 1676 1045 1728 quo
1069 1658 1174 1714 factum
1199 1664 1249 1731 est,
1274 1665 1306 1715 at

141 1751 167 1791 ro
184 1733 374 1804 indignatione
386 1735 477 1785 motus
488 1730 615 1799 princeps
627 1729 828 1784 Lothariusb
844 1730 998 1800 predictam
1017 1732 1164 1801 [amma]
1177 1731 1306 1786 Ounrado

186 1806 250 1861 duci
269 1803 441 1869 concederet,
466 1802 558 1870 sicque
582 1805 697 1868 uterque
718 1801 811 1872 vicina
836 1801 888 1856 sibi
912 1801 1071 1857 vendicaret
1096 1802 1164 1859 loca.
1207 1802 1307 1873 Longa

186 1878 277 1944 itaque
296 1872 500 1929 concertatione
519 1873 681 1939 intantum,
701 1875 732 1925 ut
751 1872 834 1926 etiam
852 1872 881 1926 in
900 1889 996 1942 campo
1022 1889 1170 1944 congressu
1193 1874 1306 1943 publico

186 1948 221 2001 ab
240 1946 278 2000 eis
295 1950 473 2014 pugnaretur,
491 1943 609 1997 deducta
627 1946 668 1996 est
685 1943 737 1996 heo
755 1944 948 2012 controversia,
973 1943 1061 1999 donec
1080 1945 1115 1999 ab
1140 1944 1178 1998 im
1199 1950 1306 1999 aratore
1444 1991 1461 2019 0

186 2016 362 2071 Friderico
382 2031 415 2069 eo
435 2018 532 2068 tenore
557 2013 648 2067 decisa
673 2017 721 2082 eet,
747 2013 821 2081 quod
839 2013 1013 2083 Bertholdns,
1038 2015 1157 2084 predicti
1174 1962 1405 2077 dormitans.

141 2106 169 2144 so
186 2088 267 2155 lilius,
285 2087 314 2139 in
332 2085 440 2155 negocii
457 2084 641 2138 transactione
663 2083 763 2137 duas⁰
786 2084 910 2140 civitates
932 2085 1005 2140 inter
1022 2085 1117 2140 Iuram
1138 2091 1166 2141 et
1183 2091 1307 2141 montem

187 2158 271 2226 Iovis,
288 2157 445 2211 Losannam
464 2160 491 2208 et
510 2153 705 2222 cebennam,
727 2155 840 2224 accepit,
866 2157 963 2210 ceteris
988 2157 1115 2210 omnibus
1139 2157 1308 2226 imperatrici

187 2229 299 2285 relictis.
336 2226 426 2297 Quam
444 2226 603 2294 imperator,
621 2229 653 2278 ut
670 2227 810 2279 ostensum
828 2229 877 2293 est,
896 2226 924 2279 in
942 2227 1161 2282 matrimonium
1187 2229 1307 2296 sortitus,

188 2312 300 2388 genuit
321 2311 350 2366 V
373 2309 472 2366 filios:
504 2307 691 2366 Heinricum
723 2307 946 2382 imperatorem
980 2314 1013 2367 et
1046 2327 1153 2384 regem
1172 2309 1306 2385 ‘Sycilia

187 2401 382 2459 Fridericum
428 2398 542 2455 ducem
588 2395 719 2466 Suevie,
766 2395 951 2455 Odnradum
996 2399 1110 2456 ducem
1154 2399 1273 2457 ibidem
1285 2393 1307 2468 ²,

143 2511 170 2552 aa
189 2489 341 2548 Ottoncm
363 2487 512 2546 comitem
534 2485 717 2561 Burgundio
741 2489 774 2543 et
795 2486 987 2561 Philippum,
1017 2488 1070 2563 qui
1093 2505 1167 2546 cum
1190 2488 1308 2547 Ottone

188 2582 376 2655 imperatore
406 2593 462 2652 pro
491 2592 588 2652 regno
618 2575 772 2633 dimicans
802 2575 843 2633 ab
874 2576 1010 2635 inimicis
1040 2578 1106 2635 suis
1137 2582 1187 2636 est
1214 2579 1308 2637 inter·

188 2670 291 2727 fectus
301 2662 321 2726 ³.

296 2749 420 2814 Anno*
435 2747 576 2813 Domini
588 2744 726 2811 MOLV.
762 2746 959 2812 Fridericue
973 2747 1082 2814 Rome
1098 2750 1141 2814 ab
1154 2749 1308 2815 Adriano
1319 2758 1398 2813 1155.

191 2859 280 2921 papa
302 2839 340 2900 in
361 2856 488 2920 magna
503 2836 736 2901 Romanorum
760 2834 973 2901 dissensione
997 2840 1033 2901 et
1056 2838 1226 2904 occisione
1248 2828 1405 2929 ιιι-Ἥ
1434 2854 1441 2867 ·

146 2956 173 2995 so
191 2930 328 3011 perator
352 2923 602 2991 consecraturl.

298 3016 400 3078 Anno
424 3012 565 3077 Domini
585 3010 764 3075 MOLVII.
811 3012 1005 3097 Imperator
1027 3014 1233 3092 Fridericue,
1257 3024 1397 3080 ιιι-1157.

192 3104 355 3189 pugnatis
384 3101 524 3166 Polonis
555 3120 633 3164 cum
663 3100 842 3184 triumpho
871 3121 1036 3179 reversus,
1067 3101 1161 3187 apud
1188 3102 1310 3167 Herbi·

192 3192 299 3277 polim
330 3191 460 3257 curiam
491 3188 668 3253 celebrans
698 3188 909 3273 legationem
933 3188 1311 3275 Constantinopolitani

80 3306 117 3355 a.
127 3305 173 3346 ιιι.
192 3279 408 3366 imperatoris
430 3276 574 3342 Manuel
597 3276 741 3362 accepit.
788 3276 859 3342 *Ad
889 3279 1033 3344 eandem
1057 3278 1187 3344 curiam
1218 3278 1310 3343 filius

148 3392 174 3432 ss
192 3370 345 3436 Oanradi
367 3366 458 3452 regie
474 3365 679 3443 Fridericue‚
702 3365 772 3429 iam
795 3366 927 3430 dudum
951 3367 995 3433 ab
1017 3368 1225 3453 imperatore
1241 3369 1311 3432 dux

192 3459 314 3523 Suevie
337 3454 484 3532 factus⁶‚
509 3454 684 3520 accinctus
708 3454 824 3538 gladio
847 3455 1013 3520 miliciam
1042 3461 1095 3522 est
1125 3457 1310 3541 professus.

299 3545 464 3629 Sequenti
487 3564 578 3608 anno
601 3543 838 3608 Mediolanum
862 3564 883 3607 a
905 3543 1080 3611 Friderico
1103 3545 1310 3632 imperatore
1321 3554 1398 3609 1158.

193 3634 371 3699 obsidetur
380 3633 401 3697 ⁵.
1320 3626 1443 3726 ΜΨ·

194 3824 217 3872 ι)
230 3832 290 3862 voces
303 3826 323 3860 st
336 3822 419 3861 litteras
432 3822 511 3861 delas-s
524 3832 551 3861 ιω
560 3821 630 3861 Gestis
638 3820 701 3860 Μ.
712 3824 731 3859 et
742 3830 769 3859 aas
782 3821 875 3860 editum
886 3820 1008 3862 massua
1020 3823 1092 3871 ml.
1145 3823 1169 3877 b)
1180 3824 1283 3865 Lothsrii
1291 3838 1309 3867 c.
1421 3864 1423 3869 ,

150 3880 177 3920 ιο
195 3878 215 3925 c)
235 3880 281 3915 tres
295 3875 359 3915 Gesta
372 3875 443 3924 Mt„
458 3875 494 3913 ubi
505 3880 557 3924 post
572 3874 703 3915 Gabsnnsm
719 3875 832 3922 locuntur:
851 3879 874 3914 et
887 3875 916 3915 N.
936 3876 1002 3925 (quod
1016 3876 1132 3927 Massam,
1151 3878 1175 3916 s'd
1192 3882 1223 3916 eat
1237 3878 1311 3929 Seras,

194 3929 319 3979 mineat).
346 3928 406 3967 Haec
420 3932 498 3979 sonu,
512 3938 559 3967 essm
572 3938 615 3968 non
628 3928 762 3977 Ιηῐάιίσινιι,
778 3928 858 3968 omisit.
1268 3928 1271 3932 '

196 4095 210 4147 1
242 4086 404 4141 Bartholdua
419 4086 450 4151 V,
469 4089 516 4152 qui
533 4101 559 4139 a.
578 4086 648 4141 1218
665 4088 712 4152 (el.
731 4087 810 4151 infra
832 4104 862 4155 p.
879 4089 923 4143 88.
949 4089 986 4139 cd
1003 4090 1075 4141 hunc
1099 4091 1215 4149 annum)
1239 4090 1312 4148 ods‘s‘t.

194 4165 212 4217 2
233 4159 327 4211 Primo
337 4159 369 4210 ds
381 4156 554 4223 naamam
559 4171 568 4217 ;
586 4154 709 4208 Samiam
718 4164 780 4224 post
791 4162 901 4211 mortam
912 4158 1049 4213 Fridm'cs'
1060 4178 1085 4215 a.
1100 4162 1177 4217 1191.
1191 4161 1313 4219 obtinuit.

195 4232 223 4303 3)
241 4233 277 4287 A.
296 4232 381 4298 12083
402 4227 437 4292 cf.
457 4228 536 4291 infra
558 4244 587 4294 p.
604 4227 646 4281 78.
686 4228 767 4294 Nota,
785 4229 855 4295 qaod
872 4231 944 4296 rapto
961 4232 1109 4284 {mastatio
1126 4232 1254 4301 Philippo
1271 4235 1314 4286 hic

150 4319 177 4359 ιι
195 4305 262 4355 data
280 4318 333 4355 noa
350 4307 397 4356 est.
467 4299 496 4366 4)
519 4297 555 4349 In
572 4300 759 4351 commentario
776 4314 832 4352 mo
850 4302 983 4353 rationem
1000 4303 1160 4355 maenum
1178 4320 1314 4356 annonam

197 4374 391 4430 1155-1183.
419 4370 580 4423 modorum
607 4371 733 4436 exposui,
761 4372 857 4423 variae
882 4373 994 4424 maias
1017 4374 1132 4426 diversis
1161 4375 1314 4427 avator-dm

197 4444 341 4497 attribuere
376 4449 494 4495 ansas.
610 4440 638 4507 5)
679 4440 718 4505 ίΥ.
760 4441 840 4504 infra
878 4444 952 4498 Anu.
988 4442 1312 4499 tiramuscam.

196 4518 224 4584 6)
239 4516 321 4567 Anno
338 4516 416 4571 1152.

250 4621 351 4661 Annales
363 4620 529 4661 lubecenses.
1083 4623 1102 4675 4
